2509 3917
186 236 209 299 4

251 387 383 450 Flamma
407 406 495 448 storax
518 387 555 448 ad
578 388 657 448 celsa
680 385 781 446 volans
803 383 958 446 obnubilat
980 390 1060 444 astra

295 474 396 551 Longe
420 474 549 551 reposita
572 471 767 551 percutiendo
790 472 871 541 loca,

273 558 382 619 Forma
410 557 501 637 hujus
529 555 599 617 belli
622 564 653 617 et
681 554 815 633 ejusdem
843 553 913 614 belli
937 553 1057 621 veritas;
1086 554 1155 633 quia

192 650 309 708 auctor,
333 642 506 721 postpositis
529 640 668 702 omuibus
690 641 853 718 tigmentis,
877 657 952 720 quae
975 637 1156 717 permultum

190 727 354 806 depravant
375 726 452 787 hanc
474 725 644 793 historiam.
668 724 807 785 [teretem
829 727 965 803 sequitur
987 725 1040 800 qui
1061 722 1158 801 Pbry-

190 813 256 888 gius
280 818 344 871 erat
366 817 395 871 et
418 810 551 890 ejusdem
573 808 643 870 belli
658 811 813 889 princeps,
839 810 889 886 qui
904 810 992 870 etiam
1007 809 1087 868 idem
1104 806 1159 867 de·

190 898 313 974 scripsit
333 893 481 974 proelium
504 901 610 954 tenens
633 894 753 954 omnino
777 894 937 963 veritatem,
961 892 1039 953 unde
1063 890 1159 952 babes

190 982 271 1041 circa
292 980 381 1040 flatern
404 978 489 1039 libri:

254 1064 291 1125 Et
313 1064 458 1142 Phrygius
480 1064 537 1123 luit
558 1065 614 1123 iste
638 1062 728 1124 Dares
751 1068 781 1124 et
803 1070 937 1141 tempore
960 1060 1028 1122 belli

181 1161 203 1213 „5
296 1147 363 1225 lpse
386 1148 506 1227 quidem
530 1145 616 1209 miles
639 1145 751 1227 proelia
775 1148 833 1208 visa
856 1147 959 1207 refert.

181 1255 205 1288 a.
281 1233 356 1293 Sunt
379 1242 478 1293 autem
502 1232 690 1293 narrationes
703 1233 859 1309 impositae
874 1231 962 1291 modo
977 1231 1162 1310 principum,

181 1319 280 1382 modo
302 1317 441 1399 militum,
464 1317 553 1377 modo
576 1319 756 1377 nunciorum
779 1316 824 1377 vel
847 1320 936 1377 etiam
960 1315 1138 1377 traditorum
1152 1333 1181 1382 ;·

181 1413 269 1483 uuae
292 1419 341 1462 res
364 1420 379 1462 a
403 1402 526 1462 veritate
548 1419 607 1462 non
631 1400 789 1480 discrepat,
813 1402 881 1479 quia
904 1399 1068 1461 secuudum
1085 1417 1161 1461 cau·

180 1507 254 1551 asam
277 1487 470 1548 recitationes
492 1486 612 1547 easdem
642 1494 693 1546 aut
716 1503 780 1546 esse
803 1485 876 1545 tales
899 1492 950 1546 aut
972 1485 1092 1545 omnino
1116 1488 1162 1545 si·

180 1572 277 1634 mites
311 1572 477 1649 oportebat.
521 1571 697 1648 Tanguntur
730 1589 763 1631 ea
796 1572 826 1630 in
861 1571 951 1630 tertio
980 1568 1058 1630 libro
1089 1579 1163 1647 post

184 1674 321 1737 apugnam
338 1657 503 1733 septimam,
527 1673 603 1733 quae
622 1656 740 1716 duravit
753 1653 856 1715 LXXX
872 1653 976 1715 diebus
991 1656 1161 1715 continuis:

89 1775 93 1784 .
181 1741 248 1801 cic:

256 1822 338 1884 Hanc
361 1841 480 1902 quoque
502 1824 656 1884 materiam
678 1825 817 1902 figmenta
839 1826 956 1903 poetica
978 1822 1100 1893 nebant,

184 1937 208 1976 ,o
299 1908 383 1968 Sicut
404 1905 545 1986 Virgilius
567 1926 650 1968 arma
671 1909 828 1988 virumque
849 1924 973 1975 canens:

257 1992 315 2054 Sed
338 1992 461 2071 Phrygii
483 2000 566 2052 tenet
583 1992 738 2053 historiam
761 1992 838 2054 liber
860 1993 917 2054 iste
939 1993 1064 2066 Daretis,

184 2105 215 2148 ,ν
298 2075 356 2147 Qui
378 2083 497 2155 praeter
519 2094 621 2138 verum
645 2078 791 2156 scriptitat
813 2076 883 2138 inde
905 2076 992 2138 nibil:

256 2162 342 2222 Hunc
365 2178 474 2240 sequor
497 2160 639 2241 adjiciens
661 2162 810 2223 interdum
833 2160 924 2223 verba
945 2164 1078 2223 virorum

298 2243 355 2315 Qui
377 2244 422 2305 vel
444 2243 643 2326 loquebantur
665 2244 712 2306 vel
734 2253 859 2326 potuere
882 2246 974 2326 loqui.

213 2411 215 2413 Ι
256 2329 396 2401 Ponatur,
418 2329 498 2410 quod
522 2339 552 2392 ct
573 2332 603 2392 hi
626 2349 686 2391 non
709 2333 769 2392 sint
792 2349 826 2391 ea
848 2329 939 2392 verba
961 2328 1064 2400 locuti,

299 2415 412 2477 Causae
433 2418 599 2492 praesentis
620 2422 690 2477 sunt
711 2421 811 2476 tamen
833 2422 901 2493 apta
922 2417 976 2476 rei.

184 2529 224 2566 .‹.1
277 2498 378 2560 Habes
393 2502 549 2562 materiam
565 2503 666 2579 operis
682 2507 711 2560 et
726 2500 862 2566 formam.
878 2500 972 2561 Causa
988 2507 1049 2559 est:
1066 2515 1165 2577 prave

188 2592 332 2669 strenuos
354 2603 370 2644 a
393 2601 446 2644 sua
469 2584 594 2645 stultitia
617 2601 808 2661 compescere
831 2592 861 2645 et
882 2585 975 2645 iortes
996 2601 1081 2644 suam
1096 2584 1163 2644 tor·

193 2668 351 2729 titudinem
380 2685 439 2727 nou
466 2669 497 2728 in
526 2685 669 2748 pomposa
696 2667 845 2746 jactantia,
875 2671 954 2729 sicut
986 2668 1015 2728 hi
1042 2668 1161 2738 miseri,
1251 2695 1252 2744 ,

193 2751 245 2812 sed
272 2753 303 2812 in
332 2751 460 2813 virtuosa
483 2754 648 2813 constantia
675 2754 775 2831 potius
803 2769 961 2822 exerceam
994 2759 1028 2813 ut
1055 2752 1163 2822 lector,

185 2835 294 2900 thabita
317 2835 562 2910 consideratione,
586 2845 690 2899 contra
719 2838 830 2918 malum
860 2838 946 2898 istius
974 2836 1045 2897 belli
1074 2836 1161 2916 prin·

194 2921 305 2999 cipium
328 2928 358 2981 et
380 2920 466 3000 pejus
488 2920 619 2982 medium
643 2929 673 2982 et
694 2925 859 3002 pessimum
886 2920 951 2999 ejus
977 2924 1090 2983 exitum
1113 2919 1165 2980 vel

193 3004 310 3065 discere
333 3003 450 3066 studeat
471 3012 501 3065 et
522 3004 641 3075 docere,
665 3014 698 3067 ut
719 3006 776 3068 boc
799 3008 1006 3085 praemunitus
1022 3003 1163 3083 exemplo

195 3107 283 3149 uerno
306 3106 338 3149 se
361 3087 524 3150 dissimulet
546 3088 584 3151 ab
606 3088 694 3168 hujus
716 3089 893 3152 vanitatibus
921 3098 1047 3152 tentare.
1091 3087 1163 3150 Non
1250 3143 1251 3152 ,

166 3175 168 3180 ’
194 3173 342 3244 desiderio
370 3173 544 3235 notificandi
571 3174 629 3234 hoc
662 3174 772 3236 bellum
801 3174 859 3235 tale
894 3183 998 3236 auctor
1025 3174 1160 3235 studium
1249 3203 1250 3238 t

194 3258 347 3327 assumsit,
371 3257 423 3318 sed
446 3261 542 3336 magis
563 3261 594 3319 in
617 3277 682 3320 rem
705 3263 809 3320 contra
831 3277 928 3330 suam,
952 3278 1045 3340 super
1066 3256 1163 3319 tutela
1248 3243 1250 3314 l

193 3339 312 3412 talium,
348 3359 424 3421 quae
456 3343 572 3404 ratione
606 3343 677 3405 belli
706 3347 905 3423 contigerant,
933 3343 1091 3412 stabilium
1118 3343 1164 3405 ait
1248 3363 1250 3406 j

195 3426 274 3486 enim
300 3428 379 3506 ipse:
409 3427 475 3498 „ias
503 3436 549 3490 est
571 3436 601 3489 et
624 3427 661 3490 ab
683 3427 768 3490 hoste
790 3428 914 3490 docent
944 3436 974 3489 et
998 3428 1054 3489 boc
1078 3429 1164 3490 circa
1249 3461 1250 3504 3

194 3511 282 3572 linern
306 3510 378 3573 libri
400 3514 538 3593 tangitur,
561 3511 613 3574 ubi
637 3511 724 3574 dicit:
810 3508 813 3514 ’
1249 3517 1250 3520 ’
