2509 3917
176 177 236 244 102
502 179 564 229 osa.
582 179 630 230 1v.
666 194 693 234 v.
712 178 819 233 n-ea.

172 332 247 403 Quid
270 332 351 402 lacit,
375 348 412 392 an
435 331 510 393 iacta
533 331 648 392 luerint
669 349 723 391 sua
744 331 885 391 strenua?
909 336 1052 410 quaeret;

217 415 340 477 Ostendi
363 414 457 477 solem
480 415 612 495 postulat
633 410 683 476 ille
706 413 773 476 sibi.
1112 422 1148 471 ab

171 501 237 562 Non
260 508 325 561 erat
347 499 426 561 illius
448 502 542 562 virtus
565 498 725 578 aliquando
747 497 872 577 sepulta,

215 583 360 646 Omnibus
383 586 524 646 eximium
547 583 682 663 reddidit
703 583 755 644 illc
775 580 874 661 jubar.

171 668 284 746 Regem
307 669 440 748 pterdcite
462 686 614 746 proceres,
638 669 689 748 qui
711 667 825 747 proclia
848 667 937 729 ducat

213 752 356 814 Hostibus
378 759 527 822 occurrat,
550 756 681 831 imperet
702 760 792 831 atque
814 760 909 831 regat.

171 837 237 909 Quo
259 839 344 917 prius
366 844 410 899 est
432 837 547 898 melius.
593 837 660 897 Non
683 845 729 898 est
751 854 835 897 mora
858 835 955 898 libera
978 834 1087 906 nobis;
1115 844 1151 894 25

200 920 319 982 Nonne
342 921 424 983 vides
446 922 547 983 hostes
566 920 627 1000 jam
651 938 790 983 reserare
811 920 908 981 loresi

172 1004 309 1066 Nondum
332 1008 451 1067 finierat
472 1005 590 1073 Nestor,
614 1007 767 1066 concurrit
789 1007 821 1066 in
843 1007 941 1083 ipsum

214 1091 325 1151 Conoio
348 1090 516 1152 consilium.
560 1089 658 1151 Verba
681 1090 765 1151 lucre
788 1089 911 1150 docum:

173 1174 217 1234 Sit
238 1190 301 1244 rex,
324 1175 365 1235 sit
386 1176 528 1253 princeps
550 1175 765 1252 Agamemnon,
788 1182 924 1253 tompore
946 1172 1034 1252 cujus

214 1259 327 1320 Graeca
350 1258 508 1322 fruebatur
530 1261 730 1338 prosperitate
752 1257 870 1323 domus.

173 1341 228 1404 Hic
249 1362 304 1404 rex
327 1344 461 1423 erigitur,
487 1343 623 1404 diadema
645 1342 769 1414 levatur,

213 1427 270 1499 Qui
292 1426 484 1489 laudabiliter
506 1446 560 1488 rex
584 1435 651 1488 erat
672 1437 749 1495 ante,
773 1427 893 1488 datur·

299 1624 456 1680 dubious
474 1625 600 1680 FUGAT
619 1623 787 1680 GRAECOS
806 1623 846 1678 IN
864 1623 1014 1678 casaub.

169 1766 268 1825 Aurea
291 1766 387 1841 pingit
409 1782 496 1843 agros
517 1766 645 1835 Aurora,
670 1765 806 1825 locuntur
830 1763 866 1824 ad
890 1782 971 1825 arma

214 1846 367 1909 Uardanus
390 1856 419 1909 et
441 1849 573 1916 Danaus:
597 1849 631 1909 lit
652 1866 727 1910 nora
750 1864 841 1910 causa
863 1850 957 1910 necis.

171 1933 340 1993 Instaurant
362 1932 476 1995 alacres
498 1931 568 1994 belli
591 1933 764 1995 discrimina
787 1932 893 2000 Troes,

215 2016 336 2077 Graecis
358 2016 510 2086 insultant,
534 2018 589 2079 hos
612 2019 677 2078 sine
699 2034 771 2095 rege
794 2023 907 2096 putant.

172 2099 300 2161 Troibus
322 2101 463 2163 audacter
486 2104 618 2164 occurrit
640 2120 694 2162 rex
716 2104 928 2179 Agamemnon,

214 2183 369 2263 Argolicos
391 2188 511 2255 animat,
535 2188 624 2248 tortia
647 2185 736 2247 corda
759 2192 850 2247 creat.

174 2267 252 2339 Quid
277 2272 398 2331 moror?
420 2279 591 2345 aecurrunt,
614 2276 806 2338 concurrunt,
831 2266 953 2329 vulnero
974 2266 1105 2339 findunt,

215 2354 332 2416 Funera
355 2354 508 2434 dejiciunt,
531 2374 564 2416 se
586 2353 781 2432 glomerando
802 2362 954 2432 premunt.

174 2437 222 2507 Se,
246 2438 326 2500 velut
348 2440 452 2503 intorti
474 2443 534 2500 sint
557 2438 789 2517 circumcunque
811 2436 920 2516 capilli,

213 2522 355 2585 Efficiont
378 2542 469 2585 unum
492 2521 730 2603 porter'ebrando
752 2520 886 2598 globum.

174 2605 282 2683 llajori
304 2625 360 2686 pro
383 2616 468 2687 parte
491 2607 554 2668 dies
575 2607 762 2668 consumitur
783 2606 838 2667 hac
861 2623 903 2676 re,

214 2689 379 2769 Diffugiunt
400 2692 520 2754 tandem
543 2701 643 2768 strage
665 2698 789 2770 parante
812 2690 922 2769 lugam,

172 2772 315 2834 Evehitur
336 2775 463 2844 Troilus,
488 2785 645 2855 reparatur
666 2791 775 2853 pugna,
799 2774 937 2835 forantur
1114 2782 1151 2831 45

215 2855 354 2929 Vulnera,
377 2867 555 2920 sternuntur
577 2877 705 2938 corpora
728 2857 819 2919 caede
841 2876 926 2918 nova.

172 2939 303 3002 Fortiter
325 2961 340 3003 a
363 2952 449 3023 parte
471 2953 621 3023 pugnatur
644 2951 780 3022 utraque,
803 2940 855 3002 scd
878 2941 974 3019 Argos

213 3024 363 3104 Inpelleos
386 3028 505 3089 Troilus
526 3031 558 3089 in
581 3046 634 3089 sua
657 3032 752 3088 castra
776 3027 867 3104 lugat,

172 3260 212 3314 19.
229 3263 270 3313 20.
289 3260 340 3313 Ov.
361 3262 444 3314 Trist.
465 3263 500 3325 V,
518 3265 543 3323 4,
563 3265 588 3315 7.
608 3264 624 3313 8

290 3329 435 3380 Tristitiae
453 3344 566 3380 causum
584 3332 608 3380 si
627 3329 689 3394 quis
707 3341 876 3393 cognoscere
895 3326 1003 3391 quaerit

343 3395 460 3448 Ostendi
478 3397 563 3449 solem
580 3396 705 3462 postulet
724 3396 772 3446 illc
791 3394 856 3449 sibi.

171 3466 211 3518 35.
231 3479 339 3530 mergo:
358 3481 451 3530 pugna
471 3464 568 3515 XIVa.
