2509 3917
200 199 261 265 158
513 197 575 249 ero.
595 199 626 253 v.
662 212 688 252 v.
707 198 853 249 rar-ora.

197 358 288 416 Arma
310 349 403 414 dabas
426 367 554 429 semper,
577 369 677 413 armos
698 369 767 414 eum
789 351 893 412 deruit
913 359 1005 418 aetas,

241 438 326 498 Tune
348 435 488 497 robustus
512 454 578 497 eras
601 452 741 513 corpore,
765 443 865 496 mente
887 433 986 495 modo.

200 522 326 601 Semper
349 519 496 590 dedecuit,
522 539 540 581 o
562 520 630 581 rex!
655 529 683 580 te
705 518 836 580 dedecus
858 537 947 579 omae

240 605 278 667 Et
300 606 400 667 decuit
422 603 564 684 quicquid
588 602 693 665 debuit
715 621 780 663 esse
803 603 904 664 decus.

198 691 263 752 Non
287 708 386 752 armos
408 708 425 749 a
448 697 477 749 te
498 697 548 749 tua
572 688 673 757 turba,
696 688 748 748 sed
771 706 853 748 arma
876 688 1010 767 requirit.
1116 697 1169 745 '195
1242 683 1246 768 i

156 819 163 832 .
241 774 306 836 Non
329 791 405 854 opus
427 782 480 839 est.
505 782 538 833 ut
559 791 635 853 opus
657 781 714 849 est,
738 781 769 832 et
790 790 867 849 opus
888 780 920 832 et
941 790 1039 851 opem.

198 860 347 939 Tempore
370 857 493 919 miiitiae
515 859 600 934 quasi
621 856 734 935 pardus
756 859 786 916 in
810 873 892 917 arma
916 854 1026 925 volasti,

243 943 327 1005 Nune
349 941 462 1011 tardus,
485 941 568 1003 dedit
589 941 647 1002 hoo
669 958 767 1002 annua
789 951 867 1002 meta
891 938 957 1000 tibi.

198 1027 298 1089 ittnns
321 1027 447 1093 emeriti.
471 1025 530 1086 dns
553 1026 681 1107 optime!
704 1043 788 1086 more
811 1041 984 1085 mucronem

240 1111 283 1171 'ie
306 1111 391 1171 decet
414 1111 450 1171 ad
473 1113 604 1190 patrium
628 1109 803 1187 deposuisse
825 1109 930 1171 larern.
1116 1117 1169 1167 800

199 1195 288 1257 Posse
313 1205 397 1256 tuum
419 1197 539 1264 seimus,
564 1212 620 1255 neo
643 1194 710 1274 pius
732 1203 761 1254 te
785 1213 872 1274 posse
894 1201 1051 1271 putamus3

241 1278 325 1348 Ouod
350 1287 455 1339 nature
479 1286 576 1356 negat,
599 1279 728 1340 reddere
751 1296 839 1338 nemo
862 1285 969 1357 potest.

198 1362 289 1424 Multa
312 1380 414 1424 senem
437 1364 675 1423 circumveniunt
697 1362 894 1430 incommoda,
917 1360 1008 1423 debet

242 1447 295 1509 Vir
317 1447 413 1508 bonus
436 1455 467 1508 et
489 1448 622 1524 prudeus
644 1448 818 1509 commodus
841 1464 905 1508 esse
926 1449 1000 1508 seni.

197 1532 306 1593 Mentis
327 1531 508 1593 inhumanae
530 1532 575 1592 rei
598 1550 658 1593 non
680 1531 771 1594 homo
793 1532 927 1594 ereditur
949 1550 1026 1601 esse,
1115 1541 1167 1590 8οὸ

239 1615 335 1677 lniert
356 1618 408 1695 qui
431 1614 555 1677 senibus
577 1633 638 1676 non
661 1617 778 1695 pietatis
802 1634 886 1695 opus.

197 1700 303 1776 Magna
325 1702 382 1761 fuit
403 1700 552 1779 quondam
576 1701 681 1779 eapitis
702 1702 869 1762 reverentia
891 1702 969 1769 cani,

240 1783 334 1860 inque
356 1802 410 1845 suo
431 1785 529 1863 pretio
552 1801 625 1860 ruga
648 1785 752 1846 senilis
774 1794 848 1846 erat.
1245 1791 1247 1900 q

198 1868 248 1928 Sio
270 1878 302 1928 et
321 1867 428 1936 adhue,
451 1887 585 1948 unquam
605 1871 664 1930 uisi
687 1868 764 1931 sorte
786 1870 854 1949 quis
875 1871 985 1950 impius
1008 1868 1082 1931 iliud

241 1950 340 2012 Solvet
362 1951 503 2014 decorum
527 1970 580 2013 eor
602 1953 774 2015 tribulando
797 1971 913 2015 senum.
1116 1962 1169 2012 810
1247 1963 1248 1982 ³

152 2080 156 2088 -
199 2039 310 2099 Cuncta
334 2036 422 2097 trahit
445 2054 546 2097 secum
571 2040 720 2117 vincitque
743 2037 871 2099 volubile
893 2047 1011 2117 tempus

240 2119 301 2182 Neo
323 2122 435 2199 patitur
457 2131 538 2182 certa
561 2138 686 2183 currere
708 2139 845 2202 quaeque
866 2123 921 2183 via.

198 2206 241 2266 Te
263 2223 381 2284 quoque
403 2223 456 2265 rex
479 2206 579 2279 traxit,
603 2214 634 2265 at
655 2208 788 2285 quamvis
810 2207 936 2267 traxerit
956 2214 1048 2274 aetas,

239 2289 272 2349 ln
295 2289 409 2350 nudum
433 2287 518 2350 duxit
539 2295 659 2367 ternpus
681 2289 757 2350 anile
781 2290 873 2350 netas.

196 2372 476 2453 irreprehensibilis
498 2392 531 2434 es
552 2392 616 2441 rex,
640 2383 674 2434 tu
696 2374 802 2435 lividus
824 2391 897 2435 aero
1115 2382 1167 2432 81⁶

239 2458 363 2520 vividus
378 2458 506 2535 ingenio
530 2459 664 2518 nosceris
686 2476 752 2519 esse
775 2458 863 2520 bono.

197 2542 305 2604 Exorat
328 2545 358 2604 in
382 2542 480 2602 sulcos
502 2540 609 2602 taciem
633 2551 749 2604 matura
773 2550 920 2611 senectus,

240 2627 297 2687 Sed
322 2635 444 2689 renovat
466 2634 571 2706 pectus
593 2629 691 2688 omnis
713 2628 837 2688 honoris
859 2644 945 2706 opus.

264 2862 321 2911 796.
352 2860 438 2912 aohol.
456 2877 541 2926 marg.
560 2876 600 2913 so.
618 2861 753 2916 conferre.
840 2863 900 2913 802.
922 2859 1169 2925 (Maximinianos)
1247 2865 1248 2868 ’

195 2927 274 2994 Eleg.
293 2929 327 2988 V,
346 2931 388 2981 54.
458 2932 516 2984 803.
536 2931 633 2981 Horat.
651 2929 704 2979 Ars
722 2935 795 2994 poet.
815 2932 872 2980 169.
943 2930 1001 2979 805.
1031 2929 1082 2980 eir.
1098 2928 1168 2979 Juv.
1247 2937 1248 2964 1

196 2995 279 3046 Satir.
298 2996 377 3061 XIII,
395 3000 428 3048 54

298 3064 457 3116 Credebant
474 3064 526 3115 hoo
545 3062 650 3129 mande
669 3063 750 3113 neiaa
770 3067 799 3114 et
815 3080 890 3114 more
908 3061 1052 3129 piandum,

298 3131 327 3182 Si
341 3131 452 3197 juvenis
470 3132 565 3183 vetulo
582 3146 639 3181 non
655 3139 855 3185 assurrexerat.

194 3217 253 3268 807.
271 3218 295 3268 8.
323 3220 366 3267 est
383 3215 462 3266 Ovid.
484 3215 562 3265 Post.
582 3217 616 3279 V,
634 3217 675 3266 57.
693 3217 734 3267 58.
825 3217 884 3266 811.
915 3217 956 3267 12.
982 3212 1064 3264 Corn.
1092 3211 1170 3266 Gall.

195 3281 379 3347 (Maximien.)
398 3281 478 3346 Eleg.
496 3282 518 3342 1,
538 3284 596 3332 109.
615 3284 674 3343 110,
691 3282 738 3332 ubi
757 3289 850 3333 temen
868 3298 918 3348 pro
937 3281 1064 3346 ‚,vinoit“
1077 3283 1170 3333 vertit

194 3351 342 3403 invenitur.
394 3349 453 3396 817.
472 3347 552 3401 Alan.
571 3348 674 3396 Antiol.
693 3349 742 3398 lib.
760 3350 807 3399 VI.
826 3349 866 3414 (p.
885 3350 930 3412 93)
949 3350 997 3401 lin.
1008 3350 1025 3399 d
1038 3348 1074 3400 eb
1087 3349 1169 3400 infre

225 3469 231 3480 1
295 3417 355 3465 Neo
372 3418 465 3463 tomen
482 3412 559 3463 illius
578 3413 680 3463 faeiem
699 3427 805 3467 mature
823 3422 953 3468 senectus

296 3481 401 3530 Bxerat
418 3480 447 3528 in
465 3480 556 3529 auloos
575 3504 608 3514 -
625 3504 658 3514 -
