2509 3917
198 107 266 187 142
508 123 572 173 uro.
592 124 624 174 v.
654 139 680 174 v.
698 124 842 174 314-341.

240 273 365 337 Fraudis
387 273 533 354 adaptasti
555 273 680 353 pollice?
717 272 802 333 Tune
825 273 918 333 duosi

196 361 230 429 0,
255 359 306 436 qui
328 356 464 419 militiam
486 356 600 418 violasti
623 356 737 437 perfide
759 355 859 416 miles!

240 442 387 504 Perfidiae
410 441 503 513 miles,
527 441 709 520 militiaeque
731 441 809 501 lues!

197 524 316 589 Fallere
338 526 510 587 credentem
533 544 593 586 non
616 532 660 586 est
682 543 806 604 operosa
829 523 977 595 Quiritem

243 610 352 682 Gloria,
375 609 547 690 simplicitas
569 611 658 688 digna
682 612 782 670 lavore
805 610 868 668 luit.

197 694 384 774 Simplicitas,
410 697 515 773 auriga
537 693 608 768 doli,
633 694 801 773 praetendit
823 710 955 752 amorem

238 779 368 841 intendit
389 789 531 847 mortem;
554 781 597 838 sic
620 796 676 857 ego
698 779 791 856 perdo
813 786 939 855 patrem.

199 863 371 943 Ingreditur
391 865 493 924 lanum
517 864 673 943 nescitque
694 862 788 922 latere
810 862 969 940 profanum

239 949 276 1010 Et
298 948 417 1028 plenum
440 946 546 1025 gladiis
568 946 745 1025 insidiisque
768 945 877 1005 locum.

200 1031 343 1093 Providus
365 1033 518 1092 incautum
542 1032 663 1109 conligit
684 1036 805 1107 apertus
826 1038 975 1108 apertum,

243 1119 376 1195 Aequum
399 1115 443 1174 vir
465 1132 603 1193 nequam,
626 1117 732 1175 noxius
755 1117 945 1175 innoocuum.

198 1199 263 1261 Non
287 1201 407 1278 impune
431 1207 530 1260 lamen
552 1198 666 1277 gladios
687 1217 808 1259 movere
832 1197 959 1267 dolosos,

239 1282 312 1345 Pars
335 1283 422 1354 bona,
447 1301 507 1344 non
530 1285 625 1344 sentis
647 1301 719 1344 ense
740 1280 824 1343 luere
846 1280 940 1342 dolos.

196 1367 240 1429 nd
263 1385 389 1447 superos
411 1366 533 1428 sustollo
556 1385 663 1428 manus
685 1374 715 1428 et
736 1365 869 1446 postulo:
893 1365 1001 1425 riudex

239 1452 386 1531 Dignatur
408 1455 483 1514 tanti
505 1453 623 1532 Jupiter
646 1471 711 1512 esse
733 1451 819 1519 mali:

198 1537 317 1616 Jupiter
340 1555 356 1596 a
378 1535 467 1596 nobis
489 1544 551 1596 tam
573 1538 661 1598 noxia
684 1536 809 1596 crimina
832 1531 932 1613 pellat,

241 1621 279 1682 Ut
301 1620 379 1681 hona
401 1621 467 1699 quis
489 1629 593 1680 voveat
613 1620 754 1699 frausque
777 1618 973 1679 subintereat.

196 1705 312 1783 Jupiter
333 1706 364 1764 in
387 1722 487 1765 mores
508 1703 582 1764 milri
603 1702 653 1763 det
675 1702 790 1763 calcare
812 1711 961 1779 paternos,

241 1788 280 1848 Ut
302 1788 413 1849 valeam
436 1790 500 1849 lieri
523 1790 616 1867 patris
639 1790 737 1864 imago
759 1789 832 1863 mei;

199 1872 290 1933 Cuius
312 1872 446 1933 militiam
470 1872 573 1933 mundi
595 1889 651 1949 per
673 1872 790 1931 climata
813 1878 927 1949 septem

238 1955 350 2017 Detulit
373 1964 402 2016 et
422 1963 504 2033 gesta
526 1959 616 2017 t'ortia
640 1958 717 2017 lama
739 1955 857 2032 loquax.

198 2040 267 2101 Sola
289 2043 366 2101 muri
389 2041 484 2100 nescit
505 2040 624 2119 eclipsis
647 2040 745 2099 nescia
769 2041 871 2108 virtus,

240 2124 373 2204 Corpore
395 2123 537 2184 defuncto
560 2125 657 2184 vivere
677 2125 754 2183 lacta
777 2119 883 2183 solent.

196 2208 341 2270 Felicem!
364 2210 449 2269 cuius
471 2206 602 2268 resoluto
625 2224 752 2285 corpore
774 2205 861 2266 claris

240 2291 556 2373 Laudib'ussextulerit
577 2310 668 2353 aurea
690 2291 767 2351 lama
790 2289 864 2350 dies.

196 2378 316 2457 Absque
338 2395 421 2437 mura
443 2378 569 2437 ruimus.
606 2376 733 2437 Ruimus
756 2374 855 2434 nuno?
877 2391 978 2434 nonne
1003 2373 1143 2434 videmus

241 2461 349 2534 ania
372 2462 501 2521 transire
524 2478 608 2521 more
631 2459 757 2520 labentis
779 2458 897 2538 aquae‘t
1118 2465 1171 2513 340

197 2548 341 2620 Vivimus,
363 2553 396 2605 ut
419 2563 569 2625 nunquam
592 2562 682 2606 sensu
705 2560 861 2604 careamus
883 2559 1000 2605 amaro:

263 2733 322 2781 316.
353 2746 463 2795 margo:
482 2729 621 2779 invehitur
638 2728 667 2777 in
685 2727 820 2783 Paridem.
906 2729 966 2778 317.
998 2724 1079 2776 Ovid.
1100 2725 1170 2778 Her.

195 2798 234 2862 ΙΙ,
252 2800 295 2861 63,
314 2798 362 2848 ubi
379 2802 472 2847 tamen
489 2812 539 2861 pro
557 2796 699 2859 Quiritem,
714 2794 846 2859 puellam.
915 2796 975 2847 323.
992 2807 1104 2856 margo:
1126 2807 1171 2841 ar-

196 2869 285 2916 matus
303 2866 442 2915 inermem.
511 2866 569 2915 335.
588 2864 630 2916 36.
651 2862 761 2913 Gualth.
780 2861 859 2915 Alex.
876 2861 925 2923 VI,
942 2862 1004 2911 335.
1023 2861 1067 2910 36.

296 2934 397 2985 Vivere
415 2947 464 2997 per
482 2931 583 2981 famam
602 2930 714 2980 dabitur
732 2933 795 2995 post
813 2927 1021 2992 fatarsepultis,

298 3000 364 3051 Sole
381 3000 450 3051 mori
467 2999 558 3049 nescit
577 2997 690 3063 eclipsis
709 2998 805 3047 nescia
824 2998 923 3045 virtus.

196 3065 379 3118 Conseruntur
397 3067 431 3117 ob
450 3081 562 3116 sensum
580 3070 730 3129 sequentes
749 3076 845 3113 versus
863 3067 892 3112 et
908 3061 971 3124 VII,
990 3062 1050 3112 366.
1073 3063 1118 3111 67.

297 3135 358 3185 Hoc
375 3133 462 3185 solum
480 3133 602 3182 solamen
620 3132 704 3192 inest,
723 3130 795 3194 quod
813 3129 904 3194 gloria
922 3134 1037 3179 mertem

296 3201 403 3264 Nescit,
423 3207 450 3250 et
467 3201 594 3250 occasum
613 3213 667 3247 non
685 3197 771 3247 sentit
788 3197 865 3247 fame
882 3203 1034 3263 superstes.

195 3272 254 3321 337.
275 3269 357 3319 elaris
375 3282 390 3316 e
407 3268 530 3330 margine
549 3280 598 3328 pro
617 3264 718 3316 clarus.
803 3265 862 3314 338.
882 3264 1027 3314 Scholion:
1045 3262 1173 3327 pluralis

196 3348 338 3385 numerans
367 3334 434 3382 dies.
538 3333 596 3381 340.
627 3331 678 3380 Ov.
696 3332 749 3378 Ars
766 3334 857 3380 Amat.
876 3331 934 3391 111,
951 3332 985 3380 62
1013 3333 1081 3379 eunt
1099 3331 1174 3379 anni

80 3398 97 3416 ’
195 3416 270 3450 more
288 3401 398 3449 fluentis
418 3411 513 3461 aquae.
