2509 3917
189 170 251 235 162
509 173 573 223 nra.
591 173 622 225 v.
659 188 684 228 v.
703 174 846 224 sia-sm

188 325 249 385 Rex
272 324 400 406 populos
423 326 519 386 accito
542 340 635 385 novos
657 333 688 384 et
710 331 832 385 contere
854 333 966 402 gentes,

234 409 271 471 Ut
293 417 363 470 tuus
386 416 416 468 ct
437 409 552 488 patriae
574 416 771 488 perpetuatur
793 408 904 469 honos:

191 493 310 554 Fortior
331 495 362 553 in
385 490 464 555 lulva
487 510 581 553 novus
603 502 649 554 est
671 492 816 570 gladiator
838 509 939 562 arena,

229 578 325 649 Quam
348 577 397 640 oui
418 584 488 638 sunt
511 584 592 637 tanta
615 574 737 637 brachia
759 578 838 639 sessa
860 595 953 638 mora.

190 662 310 740 integer
333 669 379 723 est
400 660 506 723 melior
529 661 633 722 nitidis
655 658 799 738 gladiator
822 663 853 722 in
877 662 975 729 armis,

231 744 328 815 Quam
351 746 399 808 oni
422 746 480 807 tela
502 761 555 806 suo
578 747 725 821 sangoIne
747 747 839 806 tincta
863 744 983 805 rubent.

188 830 338 892 Deficiunt
359 830 449 891 validi
471 829 615 905 longaevo
637 836 774 908 tempore
796 832 875 890 tauri

230 914 267 975 Et
288 914 436 994 quondam
460 915 558 992 turpis
579 915 611 975 lit
634 913 722 974 modo
745 910 869 992 pulcher
891 930 996 990 equus,

190 998 250 1061 Nos
272 1015 390 1078 qnoque
414 998 567 1058 deficimus
588 995 671 1075 longi
693 996 853 1059 luctamine
876 996 956 1067 helli,

234 1080 306 1152 Quis
330 1083 394 1142 sine
417 1084 474 1143 line
499 1089 595 1162 potest
616 1090 662 1142 tot
683 1080 760 1142 mala
783 1090 901 1161 tamque
923 1082 1001 1159 pati?

191 1166 275 1227 Unde
298 1168 359 1245 pati
381 1184 484 1246 pacem
508 1167 646 1246 petimus,
670 1163 840 1245 bellumque
861 1163 976 1243 repelli,

235 1250 389 1311 Sudarunt
411 1248 498 1312 hellis
520 1248 645 1311 brachia
667 1258 770 1310 nostra
791 1252 873 1311 satis.

190 1336 296 1397 'lulius
320 1341 375 1406 est,
398 1341 560 1415 aptumque
582 1336 688 1412 magis,
711 1333 866 1395 discedere
888 1351 972 1413 pace,

235 1417 329 1488 Quam
352 1436 472 1506 semper
494 1417 571 1480 bella
593 1417 724 1497 litigiosa
745 1421 841 1496 sequi.

190 1504 301 1566 Omnes
323 1503 415 1563 vincit
436 1520 509 1581 opes
529 1520 667 1563 securam
690 1501 801 1563 ducere
824 1503 922 1571 vitam,

231 1588 369 1649 heterius
391 1586 467 1647 nihil
489 1593 546 1656 est,
569 1603 658 1666 quam
681 1587 774 1647 miser
797 1603 869 1647 usus
889 1603 990 1664 opum.

189 1669 310 1732 Scilicet
331 1671 485 1750 ingeniant
507 1678 604 1731 totum
627 1686 805 1731 consumere
826 1686 963 1748 regnum.

231 1754 268 1815 Et
290 1771 344 1816 nos
367 1763 398 1815 et
419 1754 514 1817 claras
535 1752 746 1815 Laomedontis
768 1771 850 1835 opes.

191 1838 215 1900 0
237 1838 307 1898 rexi
329 1858 347 1898 o
370 1838 502 1900 Priame!
525 1856 581 1918 pax
603 1837 691 1899 detur
713 1855 830 1918 paxque
852 1840 988 1915 rogatur!

231 1920 362 1983 Alterius
385 1939 445 1983 non
467 1924 515 1992 sit,
537 1922 589 2002 qni
610 1940 683 1983 suus
705 1939 771 1986 esse
794 1930 901 2001 potest.

394 2100 666 2174 [marmonium
684 2101 943 2171 aururunoma

187 2224 420 2304 Amphimachus
443 2223 644 2286 stomachatur
666 2223 702 2284 ad
724 2222 808 2295 haee,
823 2201 896 2287 'erat
916 2225 966 2288 hic
982 2226 1163 2287 adolescens

232 2309 269 2371 Et
291 2311 377 2371 lortis
400 2308 510 2396 Priami
532 2306 619 2378 iilius,
643 2308 699 2370 ista
721 2306 855 2388 loquens.

260 2510 406 2562 ata-918.
425 2509 506 2562 Orid.
524 2508 610 2559 Trist.
627 2508 677 2572 IV,
696 2510 720 2570 6,
740 2511 842 2560 31-34

327 2577 438 2627 Fortior
456 2577 486 2626 in
504 2574 581 2627 fulvo
597 2591 686 2627 novus
705 2579 750 2626 est
766 2576 887 2627 luctator
905 2592 1000 2639 erens,

358 2644 446 2706 Quam
464 2644 511 2694 oui
529 2646 593 2693 sunt
611 2642 694 2693 tarda
712 2643 825 2694 brachia
843 2644 923 2708 fessa*
937 2661 1021 2695 mora.

323 2713 438 2778 Integer
455 2716 499 2762 est
516 2710 612 2761 nitidis
630 2710 727 2761 melior
744 2711 884 2775 gladiator
902 2714 930 2761 in
948 2713 1039 2774 armis,

357 2779 446 2841 Quom
462 2779 506 2830 oui
523 2779 583 2828 tela.
599 2792 650 2829 suo
667 2778 803 2843 sanguine
823 2779 913 2830 tincta
929 2780 1041 2831 rubent.

188 2848 247 2900 919.
265 2847 307 2897 20.
326 2845 508 2910 (Maximino.)
527 2845 607 2910 Eleg.
624 2845 647 2908 1,
666 2848 724 2902 363,
743 2847 785 2900 m.

306 2912 448 2964 Deficiunt
465 2912 552 2965 velidi
569 2913 707 2978 longaevo
725 2917 848 2978 tempore
867 2914 955 2964 tauri:

340 2980 385 3044 Et,
404 2981 541 3046 quondum
559 2980 684 3046 pulcher,
702 2979 734 3030 fit
751 2980 830 3030 modo
848 2981 937 3045 turpis
956 2996 1052 3045 equus.

188 3048 248 3100 ato.
268 3046 348 3100 ovid.
366 3048 479 3099 Remed.
498 3050 557 3099 663.
628 3049 688 3099 926.
706 3047 827 3097 imitatio
845 3047 896 3103 Or.
914 3049 991 3102 Rem.
1009 3050 1070 3099 6⁵10.

357 3113 449 3175 Quem
466 3120 564 3179 petere
582 3131 600 3165 o
619 3113 751 3164 thalamis
769 3115 893 3180 litigioso
907 3115 981 3176 ,loro

187 3183 247 3233 927.
267 3180 310 3232 28.
331 3181 419 3231 Auon.
442 3181 539 3233 Nerei.
562 3198 589 3247 p.
609 3184 660 3232 595
682 3181 731 3232 lin.
750 3183 792 3233 lh.
813 3183 845 3231 16
870 3182 921 3234 hos
943 3198 1040 3233 versus
1063 3183 1166 3250 habet,

188 3255 281 3298 tomen
300 3253 382 3297 sonat
400 3247 536 3298 secundus

317 3314 472 3376 Pauperius
489 3312 559 3364 nihil
578 3319 622 3363 ast
640 3329 723 3377 quam
741 3316 830 3365 malus
847 3331 915 3368 usus
933 3332 1023 3382 opum.

187 3383 247 3434 932.
267 3381 354 3432 huon.
372 3377 470 3430 Nerei·
487 3380 590 3443 potii.
609 3379 658 3433 lin.
677 3380 763 3431 ultim.
816 3384 875 3435 333.
896 3383 947 3434 eir.
966 3382 1061 3439 Gualt.
1080 3384 1168 3436 Alex.
1241 3417 1242 3434 t

186 3447 236 3505 IV,
257 3448 315 3495 131.
369 3442 495 3495 Consulis
514 3444 655 3495 arbitrium
675 3447 741 3496 tulii
759 3463 841 3514 aegro
860 3452 978 3514 Magnus
997 3454 1051 3504 ete.
1241 3457 1242 3464 ’
