2509 3917
397 229 462 280 usu.
481 228 527 277 vr.
548 193 589 281 ‘n
608 230 752 282 ser-sss.
999 225 1061 290 189

82 381 140 444 Sic
164 381 254 456 igitur
277 381 415 441 statuisse
438 378 548 450 volunt,
572 389 613 450 ut,
638 380 756 459 quando
778 380 902 450 veniret,

133 463 205 525 Vela
227 465 399 525 levarentur
421 464 530 532 omnia,
554 465 654 542 quinta
678 463 750 523 dies.

80 551 277 626 Propositum
300 549 359 608 tale
381 550 504 608 mutatio
527 548 656 609 destruit
677 567 777 617 aurae,

130 631 296 693 Sollicitum
320 634 419 693 rancis
442 651 511 693 nam
534 650 616 692 mare
639 632 732 693 lervet
754 635 856 711 aquis3

83 717 221 796 Tempus
243 720 322 777 enim
345 718 413 796 quia
437 735 491 795 per
513 714 636 804 aliquod!
659 718 749 777 maris
772 719 815 778 ira
838 716 988 778 fremebat
1009 727 1060 775 oto

130 801 199 863 Non
220 809 359 880 poterant
380 801 457 862 dicta
481 799 543 860 vela
566 800 667 861 levare
690 801 748 861 die.

323 962 531 1033 [POLquNA
547 962 827 1033 tenuissimorum]

88 1069 145 1130 Est
168 1069 244 1148 apud
266 1070 395 1131 Aeneam
419 1078 533 1131 servata
555 1069 715 1149 Polyxena,
739 1070 853 1148 Pyrrho

133 1153 168 1213 ln
190 1153 351 1214 thalamum
375 1156 482 1220 mentis
505 1153 567 1231 ejus
588 1155 685 1230 imago
708 1154 796 1215 cadit.

90 1237 199 1299 Nonne
221 1255 288 1299 meo
309 1240 387 1317 patri
409 1239 465 1299 luit
486 1237 560 1298 lracc
581 1240 698 1300 occasio
720 1241 826 1299 mortis

136 1320 261 1399 Cogitat,
284 1331 314 1381 et
335 1322 433 1383 studio
455 1322 585 1403 pectoris
607 1324 663 1381 ista
686 1330 773 1382 rotat.
1010 1332 1060 1380 oso

90 1406 254 1484 Tempore,
278 1422 337 1483 quo
359 1406 468 1472 Priami
490 1408 546 1466 luit
568 1424 584 1467 a
607 1424 655 1465 me
677 1407 758 1483 regia
782 1406 872 1466 iuncta

137 1489 219 1549 llanc
241 1488 282 1549 ibi
306 1507 366 1550 uon
388 1489 458 1559 vidi,
482 1491 652 1568 reperietur
674 1488 742 1550 ulai?

89 1574 355 1651 Odgamemnonl
378 1574 415 1635 ait
440 1574 476 1634 ad
499 1591 610 1650 regem,
635 1592 694 1654 quo
717 1582 816 1634 tumen
839 1581 924 1634 antro
1018 1602 1029 1610 ·

134 1657 215 1717 llaec
238 1657 332 1720 latitat
354 1660 436 1736 virgo
459 1659 587 1738 condita,
609 1660 687 1718 scire
709 1656 785 1717 uolo.

90 1742 156 1806 Non
179 1742 300 1802 memini
325 1762 372 1803 mc
394 1745 486 1821 patris
508 1761 572 1802 earn
596 1743 702 1803 vidisse
725 1742 781 1802 sub
804 1742 920 1817 umbra,
1026 1756 1040 1800 s

133 1825 194 1887 Nee
217 1828 288 1894 scio,
312 1826 390 1906 quod
414 1826 513 1887 tulerit
536 1824 656 1886 llecuba
680 1836 776 1888 mater
800 1845 875 1887 eam.

92 1910 229 1989 Undique
253 1928 305 1971 rex
329 1914 447 1988 quaerit
468 1928 523 1989 pro
548 1912 672 1988 virgine,
696 1911 807 1971 mentio
829 1914 926 1988 surgit

135 1993 216 2064 Quod
239 1997 281 2053 sit
302 1994 339 2057 ab
361 1998 459 2055 Aenea
482 1994 591 2055 tradita
615 1997 701 2073 virgo
723 1997 811 2072 patri.

93 2079 155 2139 Res
179 2087 261 2138 vocat
282 2082 420 2139 Aeneam.
466 2079 524 2139 Cur
548 2099 602 2139 rios
627 2084 724 2139 Aenea
748 2079 871 2156 fatigas?

135 2161 244 2231 lntulit,
269 2172 301 2222 ut
324 2164 428 2233 veniat,
452 2161 537 2242 pelle.
561 2161 670 2242 puella,
696 2179 804 2223 moras.

93 2247 207 2307 deneas
229 2248 303 2324 petit
325 2245 496 2314 Anchisem
520 2245 696 2322 virguncula
720 2246 827 2324 prodit,

142 2330 264 2392 [lucitur
286 2330 322 2390 ad
345 2347 446 2408 regem
470 2341 548 2392 certa
572 2329 673 2392 subire
695 2348 808 2390 necem.

96 2414 156 2474 lies
178 2413 293 2494 Pyrrho
315 2425 485 2493 praesentat
510 2435 583 2483 carri,
607 2418 755 2476 sententia
777 2413 885 2492 Pyrrhi

136 2497 223 2572 Extat
243 2507 276 2558 ut
297 2500 452 2561 interitum
477 2502 571 2575 patris
593 2508 623 2559 et
646 2501 708 2575 ipsa
731 2497 802 2559 luat.

97 2580 266 2642 detrahitur
288 2591 410 2652 moesta,
433 2585 585 2662 scissaque
607 2582 755 2662 Polyxena
780 2582 864 2661 palla,
1010 2593 1059 2641 ooo

135 2665 170 2725 Et
192 2675 280 2727 nocet
302 2666 422 2728 alterius
446 2686 505 2727 uon
529 2685 580 2727 sua
604 2667 691 2745 culpa
714 2667 784 2726 sibi.

97 2749 138 2810 ld
162 2750 288 2827 patrium
308 2750 423 2829 jugulat
445 2752 605 2812 detractam
628 2753 686 2813 tiro
708 2750 889 2829 sepulcrum,

138 2832 253 2895 Occidit
276 2834 333 2895 hoe
356 2836 465 2896 misero
488 2837 569 2913 regia
593 2839 677 2912 virgo
700 2836 798 2895 modo.

97 2917 156 2978 Rex
179 2918 387 2980 Anchisiadem
410 2937 465 2998 pro
488 2921 588 2981 clausa
611 2921 725 2997 virg-ine
748 2918 856 2998 culpat,

138 3002 192 3072 Qui
213 3001 297 3081 J'ubet
319 3011 351 3062 ut
372 3004 467 3073 cedat,
490 3004 581 3064 altera
606 3021 697 3081 regna
721 3011 813 3082 petat.

176 3177 182 3189 ν
255 3148 389 3219 [POETA
408 3149 596 3215 uouuluutt
613 3149 662 3203 DE
681 3149 790 3204 LIBRO
810 3149 898 3218 SUO]

99 3252 223 3331 Virginis
246 3273 262 3314 a
285 3263 372 3333 partu
395 3255 453 3316 due
474 3274 569 3316 annos
591 3254 670 3317 mille
693 3256 837 3317 ducentos

138 3337 173 3397 Et
193 3337 399 3417 quadragenos
422 3339 631 3401 dissociando
654 3357 767 3410 novem,

99 3456 297 3467 Μ

161 3508 219 3557 668.
240 3506 330 3558 Schol.
344 3506 493 3558 Anchisae.
534 3509 593 3558 otu.
613 3509 756 3573 Lappenb.
777 3473 931 3572 superadde
950 3523 1058 3584 norem.
