2509 3917
169 212 213 277 82
474 213 539 266 Lib.
557 214 609 267 ΙΙΙ.
644 228 671 266 v.
689 214 835 265 339—362.

171 367 232 428 Pax
255 383 310 445 per
332 383 385 426 sex
406 382 525 426 menses
547 364 699 426 stabilitur
721 372 752 424 et
774 381 862 426 omne
884 373 1053 444 peremtum

216 448 377 531 'Palparum
399 451 510 530 recipit
532 452 563 510 in
587 451 709 527 regione
733 448 848 511 thorus.
1095 458 1154 507 340

368 629 418 683 DE
434 629 561 684 PUGNA
577 628 771 684 DUODECIM
788 628 941 684 DIERUM.

175 753 309 831 Septima
332 750 494 829 surgebant
517 753 642 811 orientis
664 770 777 813 cornua
791 752 911 837 lunae,
967 767 973 771 ·

217 838 350 914 Surgere
373 837 515 897 continuo
538 834 643 896 bellica
666 839 751 914 signa
775 836 852 897 ride.

174 923 337 1000 Pugnatur.
381 919 475 981 Durat
498 919 647 982 duodenis
666 938 766 1000 pugna
788 919 900 983 diebus·

216 1006 368 1083 Sanguine
389 1021 546 1066 caesorum
568 1003 627 1065 lata
650 1002 785 1066 rubescit
806 1004 923 1067 humus.

173 1091 250 1163 Quid
272 1089 354 1168 juvat
376 1088 496 1149 assidue
518 1085 622 1162 clavos,
647 1089 719 1167 quid
743 1085 811 1157 tela,
834 1088 907 1168 quid
931 1104 1028 1159 enses,
1095 1095 1151 1144 345

217 1174 295 1246 Quid
318 1180 439 1241 mortes,
462 1174 567 1233 mortis
589 1173 661 1253 quid
685 1190 843 1235 numerare
867 1173 987 1234 modcsl

173 1261 233 1319 but
255 1259 362 1318 seriem
385 1255 502 1318 scindet
523 1255 609 1317 stilus
632 1265 682 1317 aut
703 1256 822 1319 fastidia
846 1258 958 1334 gignet,

218 1344 249 1404 si
271 1343 354 1403 necle
376 1359 465 1402 omno
488 1358 582 1418 genus
605 1358 785 1402 enumerare
806 1339 895 1401 volet.

174 1428 217 1489 Ad
240 1427 392 1488 Priamum
416 1428 508 1487 miltit-
530 1427 734 1503 Agamemnon
759 1441 885 1503 eumque
907 1431 1049 1504 precatur

217 1512 257 1574 Ut
278 1530 332 1590 per
353 1510 493 1571 terdenos
516 1509 637 1570 obseret
659 1527 742 1570 arma
765 1509 838 1569 dies.
1095 1515 1154 1564 350

175 1597 321 1657 Concedit
343 1594 486 1663 Priamus,
509 1593 688 1659 clauduntur
711 1593 797 1655 busta
819 1590 974 1672 sepulcris,

218 1679 319 1740 Turba
343 1676 525 1738 salutiferam
548 1679 649 1739 saucio
670 1680 787 1757 quaerit
809 1696 905 1757 opem.

176 1762 242 1823 Non
265 1764 364 1823 estin
388 1760 485 1821 medio
507 1778 636 1840 semper,
660 1759 808 1823 relevetur
832 1769 864 1822 ut
885 1776 989 1838 aeger;

217 1846 250 1905 In
274 1863 345 1905 curo
369 1843 495 1921 quadam
519 1845 641 1907 vulnera
663 1855 760 1908 morte
781 1845 884 1924 ligant.

221 2024 270 2078 DE
289 2023 429 2080 somnio
448 2025 733 2081 ANDROMACHAE
749 2026 886 2081 UXORIS
903 2023 1095 2080 HECTORIS.

175 2149 256 2208 Luna
280 2148 371 2208 semel
394 2148 490 2218 latuit,
514 2155 575 2209 totu
597 2147 689 2208 semel
714 2147 786 2209 orbe
809 2150 945 2219 recrevit,
1094 2155 1148 2205 355

216 2232 277 2293 Pax
300 2229 361 2293 abit
384 2241 414 2292 et
435 2232 564 2312 populus
585 2250 690 2293 rursus
711 2234 742 2292 iu
765 2251 847 2293 arma
869 2234 937 2293 ruit.
979 2258 983 2265 ·

174 2317 369 2394 Pugnandum
393 2316 430 2376 de
453 2334 540 2378 mane
562 2317 625 2385 fult,
650 2335 718 2377 cunr
741 2324 829 2377 nocte
851 2315 906 2377 sub
928 2319 1003 2395 ipsa·

219 2401 356 2462 Hectoris
379 2400 586 2462 Andromache
609 2402 724 2462 somnia
747 2400 821 2461 duro
843 2401 931 2461 videt

174 2486 231 2556 Me,
255 2502 395 2546 moerens
418 2487 459 2545 ait
480 2483 529 2544 illa
552 2487 626 2554 viro,
648 2484 708 2563 jam
733 2491 867 2564 tempore
889 2500 998 2566 pausae

216 2570 338 2629 Terruit
359 2572 390 2630 iu
413 2571 525 2629 somnis
547 2572 622 2629 visio
646 2568 729 2628 valde
752 2571 859 2647 gravis.
1094 2576 1148 2625 360

176 2653 219 2713 Ad
242 2653 306 2713 lero
328 2651 405 2713 bella
429 2670 536 2731 precor
558 2652 648 2713 bodie
671 2653 853 2714 descendere
875 2652 946 2723 noli,
1241 2720 1242 2723 Ἴ

156 2812 158 2817 ,
217 2736 261 2797 su
283 2734 339 2795 tibi
362 2754 432 2795 cura
456 2738 524 2805 mei,
548 2738 586 2796 sit
608 2736 661 2797 tibi
684 2755 755 2799 cura
778 2739 832 2798 tui.

243 2958 302 3007 339.
321 2957 433 3018 Margo=
460 2953 521 3003 Pax
547 2955 632 3004 tertia
656 2969 706 3004 sex
728 2955 871 3005 mensium.
953 2956 1013 3005 342.
1032 2956 1146 3019 Margo:
1240 2996 1241 3009 ,

173 3024 273 3088 Pugna
290 3023 344 3085 IX,
362 3022 417 3073 XII
435 3021 541 3071 diebus.
622 3024 682 3072 347.
694 3021 766 3072 (lod.
785 3021 867 3072 stilus
885 3020 1002 3071 scindet.
1084 3023 1145 3072 350.

174 3094 285 3157 Margo:
313 3092 371 3140 Pax
399 3093 497 3152 quartu
519 3090 635 3154 triginta
659 3090 771 3141 dierum.
840 3090 899 3140 353.
921 3089 1031 3153 Margor
1060 3103 1147 3153 quare
1238 3074 1241 3123 l

175 3158 238 3209 dum
264 3158 411 3209 adhibetur
438 3160 478 3207 eis
503 3171 570 3206 cura
592 3172 642 3222 per
664 3157 827 3206 medicinam
850 3172 906 3206 non
925 3156 1002 3207 evad.
1022 3160 1147 3208 mortem.

169 3225 223 3277 Ov.
243 3242 266 3276 e.
286 3226 364 3275 Pont.
384 3226 407 3286 1,
424 3225 448 3283 3,
469 3226 509 3273 l'l.
529 3226 561 3275 18

274 3294 335 3343 Non
355 3297 398 3343 est
416 3293 445 3341 in
462 3290 551 3342 medio
570 3305 685 3355 semper,
704 3290 846 3341 relevetur
862 3294 894 3340 ut
911 3306 1006 3356 aeger.

308 3360 449 3412 Interdum
468 3359 550 3409 docta
567 3358 629 3422 plus
647 3356 723 3408 velet
742 3362 802 3409 arto
820 3357 932 3410 malum.

174 3430 234 3479 355.
254 3428 333 3480 Ovid.
353 3429 419 3477 Her.
437 3428 509 3488 11‚5

285 3497 366 3545 Luna
385 3498 485 3558 quater
502 3493 597 3554 latuit3
617 3496 677 3542 toto
695 3498 794 3556 qnater
812 3494 879 3543 orbe
897 3494 1022 3543 recrevit.
