2509 3917
537 221 690 272 Praefatio.
1054 238 1120 284 xm

92 373 95 376 ’
198 376 232 444 V,
250 369 320 437 708.
338 372 367 435 9.
391 374 434 434 lle
457 377 483 435 si
506 393 575 442 non,
600 392 691 452 opere
708 373 771 434 volo
787 393 838 436 vos
853 393 1003 455 operaque
1017 373 1119 453 juvare

427 458 463 519 Et
486 461 510 519 si
534 477 595 519 non
618 477 673 538 per
695 477 782 537 opem
806 460 850 519 vel
872 478 927 539 per
950 478 1039 538 opus,
1064 478 1120 538 pei·

646 562 727 623 opes.

212 632 243 700 V,
269 624 362 689 1007.
388 628 523 706 Degener
538 647 580 697 es,
600 628 624 686 si
641 629 805 705 degeneres
821 648 837 690 a
853 646 936 689 more
952 638 1118 706 parentum.

198 714 245 784 Vl,
286 710 359 774 284.
382 713 511 780 Feceris,
533 712 636 773 infelix
659 722 688 773 et
710 712 795 773 cibus
817 713 896 789 ignis
918 716 987 774 eris.

238 796 328 859 Plura
351 796 522 876 hujusmodi
550 797 684 876 exempla
707 797 816 859 alierre
839 816 899 858 non
921 805 967 858 est
989 796 1118 865 diiticile,

153 885 205 945 sed
230 884 304 943 baec
326 883 484 943 suitleient.
888 883 892 888 '

240 968 452 1044 Heusingerus,
477 969 579 1046 etqui
601 984 669 1027 eum
693 968 788 1027 secuti
804 974 874 1028 sunt
890 966 1118 1035 Wernsdoriius,

153 1052 293 1122 libertus,
310 1051 583 1122 Schoenemannus‚
600 1050 843 1130 Lappenbergius
863 1052 1004 1112 carminis
1019 1052 1120 1112 iacun·

155 1138 234 1198 diam
258 1144 288 1197 et
310 1135 486 1213 elegantiam
502 1136 707 1197 laudaverunt.
741 1135 857 1196 Felellit
873 1153 924 1196 eos
937 1153 1120 1216 permagnus

44 1253 49 1260 -
153 1239 294 1282 ramnum
318 1241 334 1280 e
350 1219 492 1282 Romanis
507 1223 606 1302 poetis
620 1222 848 1302 depromtorum
862 1239 1015 1289 numerus,
1031 1239 1120 1301 quem

155 1315 259 1367 noster
281 1304 420 1367 tilbertus
442 1324 503 1366 non
525 1306 590 1366 sine
612 1307 753 1366 suavitate
776 1304 903 1384 quadam
926 1307 1056 1366 carmini·
1066 1324 1120 1365 suo

152 1392 289 1452 intexuit.
334 1387 491 1469 Virgilius,
521 1389 657 1458 Ovidius,
686 1389 810 1458 Statius,
839 1388 1032 1461 Claudianus,
1062 1389 1120 1449 Lu·

153 1494 257 1546 canus,
280 1477 418 1545 ivianus,
441 1475 638 1535 Maximianus
661 1472 914 1553 (PseudoGallus)
939 1472 1118 1551 Pamphilus,

153 1564 326 1640 trionymus
346 1557 494 1629 Nereleti,
517 1558 663 1619 Pindarus
685 1557 844 1618 Thebanus
868 1559 893 1632 (a
917 1556 1004 1618 nobis
1019 1556 1119 1636 Epito-

153 1654 250 1704 mator
283 1644 426 1721 signatus)
466 1645 556 1704 immo
585 1644 738 1719 Benignus
766 1640 977 1710 Floriaeensis,
1011 1641 1120 1703 Alanus

154 1726 431 1806 (Anticlaudlanus),
462 1727 651 1788 Hildebertus
679 1723 727 1803 (de
750 1725 864 1787 excidio
887 1725 1002 1805 Trojae)
1027 1744 1119 1807 aeque

153 1831 189 1872 ae
219 1812 352 1874 Gualteri
389 1812 425 1873 ab
452 1812 560 1873 lnsnlis
587 1812 781 1873 Alexandreis
816 1809 902 1890 (quae
934 1808 1022 1890 paulo
1051 1820 1119 1872 ante

153 1897 233 1958 edita
257 1898 329 1974 erat)
353 1914 408 1977 pro
431 1915 482 1958 sua
505 1899 632 1978 quisque
654 1906 737 1974 parte
757 1897 928 1965 effecerunt,
952 1904 984 1955 ut
999 1912 1118 1956 carmen

153 1982 317 2060 elegantius
347 1990 376 2041 et
398 1980 436 2042 ob
459 1986 624 2043 sententias
652 1984 849 2058 interspersas
873 1981 1027 2041 nervosius
1049 1999 1118 2060 pro·

153 2066 281 2129 eederet.
324 2065 390 2127 Nou
413 2075 569 2126 centonem
593 2067 713 2143 quidem
737 2067 856 2144 scripsit
870 2064 1010 2152 ilbertus
1031 2083 1047 2124 e
1071 2082 1119 2125 va·

110 2149 118 2159 ’
152 2152 207 2211 riis
229 2158 259 2210 et
280 2151 407 2212 diversis
429 2150 624 2222 carminibus¹
636 2157 664 2210 et
680 2152 844 2210 carminum
859 2151 1032 2225 fragmentis
1048 2167 1118 2208 con·

152 2241 263 2305 sutum,
286 2235 338 2295 sed
362 2235 526 2314 permultos
550 2254 661 2305 versus,
684 2237 735 2314 qui
758 2238 785 2295 ci
802 2242 920 2312 praesto
936 2242 1030 2300 erant,
1054 2251 1118 2293 car·

153 2321 229 2380 rnini
251 2321 389 2381 inseruit.
423 2320 599 2400 Quanquam
621 2321 769 2379 Ausonius
791 2319 827 2378 ad
851 2319 978 2378 amicum
996 2316 1118 2378 Paulum

152 2406 190 2463 de
219 2407 277 2465 isto
306 2405 446 2464 carminis
469 2404 643 2481 perficiendi
667 2404 755 2463 modo
775 2402 902 2481 judicat:
931 2421 1021 2471 „nam
1044 2401 1119 2462 duos

149 2486 279 2565 junctim
301 2487 400 2550 locare
423 2506 539 2557 versus,
563 2490 698 2567 ineptum
722 2495 781 2547 est:
817 2494 846 2546 et
869 2495 929 2547 tres
951 2504 1009 2547 una
1031 2489 1117 2555 serie,

152 2591 254 2632 merae
277 2581 403 2651 nugae“,
432 2576 463 2633 in
487 2573 713 2635 admirationem
736 2579 833 2632 tamen
855 2571 988 2650 rapimur
1011 2570 1050 2631 ob
1073 2573 1119 2631 in·

154 2654 328 2717 credibilem
367 2661 462 2719 nostri
498 2657 589 2718 multa
625 2658 656 2717 in
690 2658 818 2718 lectione
849 2657 956 2716 versati
991 2657 1119 2717 auctoris

154 2743 340 2809 memoriam,
364 2743 415 2822 qui
430 2742 569 2822 quicquid
586 2741 643 2803 sibi
658 2760 733 2824 opus
744 2752 818 2816 erat,
835 2759 870 2801 ex
885 2742 1010 2801 diversis
1022 2743 1120 2819 poetis

152 2832 272 2905 praesto
308 2826 425 2886 videtur
458 2824 607 2886 babuisse.
659 2824 808 2886 Plurimos
840 2842 942 2886 versus
973 2828 1116 2892 eruimus,

152 2909 403 2990 adposuimusque
436 2909 531 2980 locos,
566 2908 675 2987 quibus
708 2909 836 2969 desumti
868 2919 951 2978 sunt,
986 2908 1036 2970 alii
1065 2927 1119 2969 nos

152 2994 288 3054 lortassis
311 2994 491 3072 effugerunt3
521 2996 579 3064 alii,
602 3012 679 3074 quos
701 2993 750 3055 bio
773 3010 999 3062 enumeramus,
1031 2994 1117 3054 etiam

151 3112 194 3123 —
216 3079 294 3139 forte
323 3097 382 3139 non
411 3080 515 3140 iisdem
544 3078 641 3139 verbis
664 3090 693 3139 et
714 3097 773 3139 non
796 3080 905 3156 integri
927 3113 969 3122 -
991 3078 1020 3137 in
1043 3080 1116 3137 anti·

152 3165 219 3245 quis
242 3164 336 3241 poetis
360 3162 451 3225 latere
474 3166 673 3242 suspicamur.

237 3247 390 3328 Ejusmodi
413 3259 497 3308 sunt:

237 3332 302 3392 Lib.
320 3333 341 3392 l.
367 3351 409 3392 rr.
426 3330 498 3393 223.
515 3329 587 3393 301.
603 3328 676 3393 312.
693 3329 764 3393 313.
779 3328 852 3394 323.
868 3328 939 3393 324.
956 3329 1028 3392 357.
1045 3327 1117 3391 358.

150 3413 309 3477 411-16.
333 3413 490 3479 419-28.
514 3413 586 3477 459.
610 3413 663 3477 60.
685 3414 759 3478 465.
781 3414 852 3478 466.
868 3413 941 3476 471.
957 3412 1030 3475 472.
1045 3411 1117 3476 475.

150 3497 225 3561 476.
247 3498 320 3562 504.
344 3499 415 3563 507.
432 3498 504 3564 508.
520 3498 591 3563 511.
608 3498 680 3563 512.
694 3499 766 3567 009.
783 3498 853 3563 675.
871 3498 942 3562 680.
959 3494 1116 3561 682-85.
