2509 3917
412 229 474 280 Lib.
494 229 540 280 Vl.
576 245 599 283 v.
622 231 748 283 73-104.

90 379 211 446 Missus
233 382 399 446 Alexander
422 390 467 444 est
488 391 517 443 ta
539 382 692 452 suadente,
715 383 827 443 reversi

145 467 295 549 Tyndaris
318 476 364 530 est
382 466 486 548 juncta
508 485 562 547 per
584 478 635 528 tua
657 466 748 528 rerba
770 466 864 527 thoro.
943 511 948 522 ,

91 553 145 614 lln
168 571 231 614 uon
252 555 367 615 Aeneas
388 551 503 615 Paridis
523 553 581 613 fuit
602 553 633 612 in
656 553 820 621 comitatus
1037 557 1070 608 75

144 636 245 708 Quum
267 636 324 698 luit
346 637 376 698 in
399 645 531 698 nostram
554 643 639 698 ructa
659 636 792 697 Lacaena
815 635 953 695 domum?

92 719 219 783 Proelia
241 727 321 783 mota
343 720 426 781 vides
449 730 478 781 et
500 723 606 782 lunera
627 718 709 781 mille
731 728 874 801 peremta,

142 804 312 867 Transtulit
334 804 392 865 buc
413 806 490 866 vires
512 806 638 868 Graecia
661 814 723 867 tota
745 823 829 871 suas:

95 890 258 951 innumeri
282 890 419 951 cecidere
441 890 533 951 duces
556 892 720 969 utriusqua-
734 890 875 958 cohortis,

145 973 221 1035 Cum
243 973 332 1053 vulgo
354 974 429 1036 nulli
451 992 555 1036 mucro
578 976 714 1053 pepercit
735 973 818 1035 hero.
1037 984 1073 1033 80

97 1057 133 1119 Si
158 1057 236 1119 mala
254 1053 329 1121 'sunt
349 1061 406 1120 ista
430 1058 506 1121 mala
529 1061 599 1129 sint,
622 1059 699 1121 bona
722 1062 749 1120 si
771 1057 858 1129 bona,
883 1076 984 1120 verum

145 1144 262 1204 Aeneas
285 1151 313 1204 et
335 1151 368 1204 tu
390 1141 614 1205 confabricastis
636 1162 678 1205 ea.

95 1225 190 1288 Certe
213 1230 239 1288 si
260 1227 337 1288 mala
360 1236 438 1298 suut,
461 1229 600 1289 incentor
622 1246 654 1289 es
675 1231 740 1308 ipso
763 1227 919 1297 malorum,

144 1310 248 1391 [leque
270 1311 355 1372 malis
376 1315 466 1373 motis
485 1311 554 1391 jure
577 1313 728 1374 vocandus
749 1330 826 1372 eras.

98 1394 248 1457 Mortibus
270 1397 435 1457 innumeris
456 1413 512 1474 per
533 1404 563 1456 te
585 1396 643 1457 dua
666 1412 760 1472 regua
782 1402 918 1463 ruerunt,
1035 1404 1069 1454 85

143 1479 178 1540 ln
200 1478 328 1541 nibilum
351 1497 406 1558 per
429 1489 457 1541 ta
480 1478 568 1557 Troja
591 1479 712 1541 redacta
732 1482 822 1559 jacet.

97 1563 197 1641 [liguo
218 1581 273 1643 pro
296 1566 412 1625 meritis
433 1563 560 1626 deberes
582 1566 663 1625 virus
685 1563 812 1633 humari,

144 1648 202 1711 'l'ot
224 1650 292 1729 quia
315 1646 446 1710 consiliis
467 1650 609 1709 interiere
632 1650 707 1718 tuis;

97 1732 163 1793 Neo
185 1732 279 1793 refert
302 1750 339 1794 an
361 1735 402 1792 sis
424 1732 550 1795 mediata
572 1733 617 1794 vel
642 1731 813 1794 immediata

144 1816 238 1878 Causa
260 1817 338 1885 mali,
363 1817 425 1878 sola
446 1816 493 1878 lox
517 1818 553 1878 ad
578 1826 737 1894 utrumque
761 1817 840 1878 lacit.
1035 1826 1070 1875 90

99 1900 168 1960 Non
191 1919 223 1962 es
245 1919 342 1971 causa,
365 1900 417 1961 scd
441 1919 473 1963 es
496 1901 580 1964 nobis
602 1905 720 1964 occasio
743 1901 888 1981 quaedam

145 1981 313 2057 Bellorum;
337 2003 397 2047 non
421 2004 452 2047 es
474 2004 565 2055 arma.
589 1988 641 2049 sod
664 2005 746 2049 arma
768 2003 899 2051 movens.

102 2068 247 2131 Consiliis
263 2069 337 2139 istis,
361 2071 387 2131 si
409 2087 493 2131 mens
514 2089 573 2132 nou
596 2071 678 2133 laeva
701 2071 815 2139 luisset,

146 2152 316 2214 Debuerant
338 2172 426 2215 aures
448 2153 625 2216 abstinuisse
647 2172 741 2216 meae.

103 2237 135 2298 Si
157 2236 233 2299 bona
256 2245 325 2299 sunt
347 2241 413 2307 ista,
437 2256 528 2318 quare
550 2240 668 2300 flexisse
691 2239 803 2300 rideris
1034 2250 1069 2299 95

147 2322 335 2402 Propositum
358 2324 445 2382 citius
468 2342 484 2383 a
507 2322 638 2385 bonitate
660 2341 779 2401 repens.
883 2374 886 2380 .

105 2407 239 2468 vinceris
260 2406 310 2468 hio
329 2404 397 2486 jure
419 2409 589 2468 contrarius
609 2409 654 2467 ire
676 2408 780 2486 priori,
906 2477 908 2480 ¹

148 2490 316 2553 Dissolruut
336 2498 467 2552 veterem
488 2489 548 2569 jam
573 2509 646 2552 nora
669 2491 758 2551 rerba
780 2491 887 2553 tidem.=

94 2572 170 2644 ‘Quo
192 2581 308 2636 teneam
331 2576 410 2636 nodo
431 2583 594 2636 mutantem
616 2576 721 2636 Protea
745 2574 869 2636 vulturi·

147 2659 188 2719 De
210 2658 322 2737 duplici
343 2658 437 2719 verbo
460 2661 554 2740 turpis
575 2658 702 2721 babetur
725 2659 822 2721 homo.
1019 2671 1070 2720 100

104 2742 288 2820 Propositum
312 2742 441 2821 sepelire
463 2742 573 2805 bonum
598 2762 656 2804 non
680 2743 811 2806 arbitror
834 2762 961 2825 aequum

145 2830 201 2890 Aut
222 2825 321 2888 clarae
343 2827 411 2889 fidei
434 2828 537 2888 fraude
559 2831 680 2906 nigrare
703 2837 822 2890 statum.

106 2910 168 2971 Non
190 2913 251 2972 aris
272 2910 386 2972 utiliter
410 2913 525 2972 viscatis
548 2912 653 2991 elingit
674 2912 740 2983 alis,

147 2994 210 3056 Non
233 2994 309 3056 hene
333 2996 370 3056 de
392 2994 466 3057 laris
487 2996 601 3057 retibus
624 2999 686 3057 exit
707 3015 788 3077 aper.

105 3250 144 3298 73.
161 3245 248 3301 schol,
264 3262 303 3298 sc.
322 3247 483 3299 Alexandri.
552 3250 592 3299 74.
611 3248 698 3304 schol.
716 3249 834 3301 Helena.
895 3250 937 3300 76.
956 3250 1022 3300 Lac.
1041 3266 1066 3304 s.

103 3314 224 3380 margine
242 3330 292 3380 pro
310 3314 400 3366 leena.
436 3313 527 3369 Sobol.
544 3314 665 3367 Helena.
722 3319 780 3371 loo.
798 3317 895 3370 Arion.
914 3317 1014 3380 XXIX,
1033 3320 1068 3367 24

278 3382 333 3433 Hie
352 3384 405 3433 erit
422 3382 537 3446 invisus,
557 3384 623 3433 bina
642 3383 714 3449 quod
733 3399 781 3434 ora
799 3389 886 3448 gerat.
1099 3437 1101 3439 .

105 3451 159 3502 103.
176 3448 230 3500 alit
247 3466 296 3515 pro
314 3449 377 3501 alis.
439 3452 497 3501 loa.
511 3453 541 3501 4.
565 3448 660 3502 ovidii
677 3455 743 3501 snut
760 3452 812 3500 Ars
829 3450 888 3506 Am.
905 3452 936 3514 1,
954 3453 1012 3503 391.
1032 3454 1066 3502 92

104 3518 151 3583 qni
166 3521 259 3568 tamon
277 3532 326 3583 pro
343 3518 462 3579 ratibus,
481 3517 606 3569 cassibus
623 3517 716 3569 haber.
