2509 3917
1067 169 1089 237 ὓ

185 325 252 387 Non
273 331 398 404 propter
420 324 541 403 'trojam
563 323 727 403 Trojanum
748 324 882 386 scribere
906 324 1016 387 bellum

228 410 284 470 hut
307 409 467 487 Phrygium
491 411 576 488 coepi
600 407 761 470 sollicitare
783 409 900 490 stylum,

136 521 139 526 ¹
185 493 243 555 Sed
266 493 372 554 ductus
394 493 517 554 meliore
539 495 585 553 via
608 493 798 573 compescere
820 512 927 573 pravos

227 579 264 639 Et
284 595 404 639 servare
427 578 475 639 dei
496 577 558 638 vult
579 580 609 638 in
634 597 735 640 amore
757 580 830 658 pios.

184 664 274 726 Grata
298 661 425 725 medulla
447 661 518 725 latet
541 666 622 724 omni
644 663 700 724 sub
724 665 833 725 cortice
856 681 958 724 rerum

227 750 263 810 ut
284 748 424 810 nucleum
447 747 523 809 celat
545 747 628 809 arida
652 754 726 809 testa
748 748 870 809 bonum.

185 833 245 894 Nos
268 833 354 894 docet
376 832 509 894 Herodes
532 835 609 893 sicut
633 833 759 912 baptista
782 834 913 894 loannes

228 918 333 980 Erudit
355 916 406 978 ille
429 918 531 988 bonos
555 919 674 979 territat
695 917 745 979 ille
767 919 869 979 malos,

98 1003 106 1016 “
206 1004 295 1065 'leste
319 1005 406 1065 ctiam
422 1001 580 1063 Aristotele
602 1002 713 1063 malum
737 1015 795 1063 non
812 1011 910 1082 potest
925 1004 1011 1065 vitari
1026 1006 1086 1066 nisi

70 1113 74 1122 ·
119 1090 291 1167 cognitum:
314 1088 392 1149 malo
416 1088 562 1168 siquidem
586 1089 704 1165 cognito
728 1087 797 1149 ielis
819 1096 865 1149 est
887 1089 937 1165 qui
959 1087 1088 1149 declinat

119 1193 136 1234 a
160 1173 238 1234 malo
261 1173 383 1234 etfacit
405 1172 515 1233 bonum
540 1174 643 1252 etqui
665 1172 790 1234 aliorum
813 1191 914 1234 casnm
937 1173 995 1235 sibi
1017 1192 1086 1234 oon·

119 1260 218 1320 stituit
239 1259 468 1319 firmamentum.
514 1254 681 1336 Horatius¹l

187 1342 394 1424 relinquen
417 1343 530 1404 faciunt
552 1343 647 1404 aliena
670 1341 801 1419 pericula
824 1350 943 1404 cautum

120 1435 150 1489 et
172 1428 312 1505 Virgilius
337 1426 459 1508 [Georg.
483 1427 518 1495 ll,
541 1424 605 1488 490
626 1422 703 1510 sqq.]

185 1512 269 1574 Felix
293 1514 341 1589 qui
363 1515 460 1591 potuit
481 1530 584 1572 rerum
607 1528 789 1588 cognoscere
812 1529 928 1578 causas;

183 1599 279 1673 Atque
301 1605 399 1658 metus
421 1614 524 1657 omnes
548 1603 577 1656 et
599 1593 783 1657 inexorabile
807 1594 898 1656 iatum

184 1681 316 1761 Subjecit
338 1680 479 1759 pedihus;

205 1766 292 1828 Unde
321 1773 351 1827 et
377 1764 454 1827 liber
482 1767 538 1826 iste
565 1764 661 1825 ethice
683 1766 827 1838 sumitur,
855 1766 924 1842 quia
940 1766 1017 1825 ,vitia
1039 1783 1089 1826 re-

120 1850 313 1931 prehendens
336 1859 365 1911 et
387 1850 424 1912 ab
447 1849 493 1911 his
516 1849 667 1911 auditores
689 1849 859 1911 absterrens
875 1850 956 1928 ipsos
976 1849 1013 1909 ad
1030 1852 1089 1909 vir-

121 1943 217 1996 tutum
240 1936 383 1996 exercitia
406 1934 587 1995 cohortatur.
634 1934 836 2012 Reprehendit
856 1937 936 1994 enim
959 1935 989 1993 in
1007 1934 1087 1994 Pelia

120 2017 276 2089 invidiam,
299 2022 330 2081 in
353 2019 461 2080 Paride
484 2027 513 2080 et
534 2019 648 2081 lielena
670 2018 874 2098 petulantiam,
898 2022 930 2078 in
952 2036 1087 2099 pugnan-

121 2103 201 2164 tibus
223 2103 441 2173 truculentiam,
466 2104 498 2163 in
519 2102 677 2165 Palamede
692 2102 895 2172 ambitionem,
919 2104 949 2163 in
965 2102 1088 2164 Hecuba

121 2170 324 2259 dolositatem,
355 2190 385 2247 in
413 2190 512 2248 Aenea
540 2194 568 2247 et
597 2190 689 2250 sociis
716 2189 777 2248 suis
799 2186 954 2267 perfidiam
977 2195 1007 2249 et
1029 2194 1088 2248 tra·

123 2272 280 2342 ditionem,
304 2273 335 2332 in
358 2279 485 2350 utroque
509 2275 642 2333 exercitu
665 2275 751 2344 iram,
776 2272 877 2332 odium
901 2279 930 2331 et
944 2274 1089 2332 furorem.

120 2358 159 2417 Et
187 2376 224 2417 ex
250 2355 307 2416 hoc
330 2356 446 2422 ethicae
469 2357 576 2417 merito
599 2359 726 2417 sumitur
755 2355 834 2434 quod
862 2355 979 2415 ratione
1001 2375 1089 2435 prae-

121 2441 200 2501 dicta
233 2458 351 2501 morum
380 2447 424 2501 est
451 2448 480 2499 et
509 2440 656 2501 bonorum
686 2458 811 2518 operum
839 2440 1030 2509 instructius,
1061 2447 1090 2500 et

123 2524 203 2605 quod
226 2543 299 2585 voce
321 2524 491 2603 philosophi
513 2523 677 2603 jucundum
701 2523 776 2585 nihil
792 2531 844 2594 est,
869 2524 928 2583 nisi
942 2524 1021 2604 qnod
1042 2542 1090 2584 re-

121 2610 184 2670 ficit
211 2611 352 2670 varietas.
395 2612 505 2670 luctor
539 2609 619 2670 idem
652 2628 728 2688 opus
759 2627 811 2670 sex
848 2606 1090 2669 distinctionibus

11 2713 12 2760 ἵ
120 2694 260 2764 variavit,
292 2700 353 2754 tum
381 2711 437 2772 pro
465 2713 499 2754 eo
524 2700 558 2754 ut
586 2693 751 2754 auditorem
776 2691 905 2753 brevitas
927 2694 1091 2754 instrueret

11 2809 12 2840 t
120 2776 248 2847 facilius
273 2796 340 2856 cum
363 2795 418 2857 pro
443 2796 477 2838 eo
501 2785 534 2837 ut
547 2778 709 2850 idemtitas,
732 2796 808 2858 quae
823 2795 892 2838 rara
913 2785 957 2839 est
972 2781 1089 2845 satieta,

118 2860 241 2940 legendi
263 2861 393 2922 taedium
415 2879 476 2923 nou
499 2863 635 2924 interret.

208 2946 241 3006 ln
271 2946 367 3006 tronte
396 2945 555 3025 cujuslibet
589 2946 790 3007 distinctionis
818 2944 958 3024 generale
990 2947 1090 3025 posuit

119 3028 202 3091 illlus
231 3036 259 3091 et
287 3028 366 3092 illius
396 3030 587 3111 proverbium
610 3033 727 3092 teniore
750 3030 852 3100 modo,
883 3031 961 3110 qnod
986 3031 1090 3091 eadem

121 3117 256 3177 continet
285 3114 437 3177 distinctio
470 3113 610 3176 nobiliter
644 3118 892 3195 impraegnatum.
935 3116 1030 3175 Etiam
1059 3116 1090 3173 in

124 3200 222 3278 capite
244 3197 314 3260 libri
337 3199 485 3277 quoddam
514 3198 706 3279 proverbium
729 3199 838 3268 Ovidii,
868 3199 945 3279 qnod
973 3201 1090 3278 specia-

192 3377 317 3464 1)'Haee
334 3416 390 3452 non
408 3400 482 3466 apud
500 3400 661 3462 Horatium,
679 3400 801 3451 fortasse
813 3400 901 3450 nostri
913 3403 977 3449 sunt
990 3402 1019 3449 et
1030 3399 1094 3448 imi·

122 3468 195 3518 tatio
208 3468 332 3519 Plautini
344 3468 422 3518 dicti:
442 3468 575 3518 Feliciter
588 3470 670 3532 sapit,
688 3468 735 3532 qui
748 3468 839 3518 alieno
860 3466 983 3533 periculo
1005 3468 1091 3532 sapit.
