2509 3917
1023 179 1090 247 203

98 336 195 409 .Quio
220 334 391 398 Stcoeluml
414 335 485 416 quid
508 335 712 397 Testoridem‘l
734 335 804 414 quid
827 333 1075 396 Prothesilaunr‘l

163 420 240 492 Quid
264 420 393 480 referam
417 419 529 500 plures,
553 437 628 496 quos
650 436 701 481 sua
725 419 935 480 famarefert?

120 505 194 578 Quis
215 503 361 583 Dolopes?
383 508 450 585 quis
470 504 681 566 Mirmidones?
704 506 770 581 quis
793 503 921 580 denique
944 513 1067 569 cunctos

162 591 365 668 Graiugenum
389 606 530 669 proceres
552 589 742 649 dinumerare
764 589 870 668 queat?

120 674 254 735 Tandem
278 692 331 735 rex
356 674 487 734 danaum
510 692 565 752 per
587 677 657 743 vim,
681 690 734 749 per
757 674 843 749 iacta,
867 688 921 751 per
943 670 1015 732 illud
1039 680 1088 728 145

163 757 330 819 Palladium
353 756 473 836 Trojam
496 768 563 837 post
586 758 644 818 dua
666 755 759 819 lustra
783 759 870 837 capit.
930 803 935 813 .

120 843 184 904 Hac
208 845 302 920 igitur
324 852 419 921 capta,
444 842 495 904 scd
519 842 633 910 fraude,
656 842 707 902 sed
731 850 804 911 arta,
828 841 879 902 sed
902 838 1008 909 armis;

162 927 238 988 Hinc
263 929 414 1003 perimunt
436 926 585 988 Priamum
608 926 830 1005 Priamidasque
852 923 952 985 simul.

122 1011 202 1073 Neve
225 1018 285 1071 stet
306 1011 390 1082 prbis
410 1010 515 1081 honos,
538 1012 691 1072 devastant
713 1017 829 1072 caetera
852 1027 1003 1090 quaecum

164 1095 380 1171 Moeranum,
403 1098 484 1156 aries
505 1096 632 1165 moenia,
655 1102 732 1157 tecta
755 1112 854 1173 rogus.
1039 1103 1087 1150 150

119 1178 204 1250 Quod
217 1189 315 1241 tamen
327 1180 400 1240 urbs
413 1188 498 1258 capta
510 1188 564 1256 est,
578 1179 656 1258 qood
670 1181 754 1248 victa,
767 1177 847 1259 quod
860 1176 977 1247 obruta,
992 1187 1090 1244 toturn.

164 1266 235 1325 Arte
257 1261 350 1325 Sinon
374 1267 457 1344 parvi
480 1264 597 1342 ligneus
620 1263 677 1341 egit
701 1282 802 1341 equus

122 1347 252 1419 Viribus,
276 1357 349 1419 arte,
372 1351 470 1419 minis,
494 1349 625 1410 liaoarirn
651 1347 728 1409 clara
752 1347 840 1428 'froja
865 1348 960 1407 ruinis

167 1435 259 1494 donis
281 1431 327 1494 bis
349 1434 449 1512 quinis
471 1434 503 1493 tit
524 1451 616 1511 rogus
639 1440 727 1512 atque
749 1432 834 1492 cinis.

120 1517 197 1578 Urbs
219 1516 296 1579 bona
316 1536 399 1580 nuno
422 1517 504 1578 dumi
526 1519 552 1576 vi
575 1517 721 1588 flammae,
747 1515 865 1577 turbine
887 1516 961 1575 lumi
1039 1525 1087 1572 155

163 1601 227 1662 Non
250 1603 290 1664 ita
313 1605 448 1664 consumi
472 1601 569 1678 digna,
593 1600 706 1662 resedit
727 1601 820 1661 humi.

120 1685 200 1746 Nutu
223 1687 351 1747 lunonis
373 1694 403 1747 et
425 1687 519 1765 iniqui
541 1685 647 1748 fraude
669 1685 796 1755 Sinonis,

164 1770 305 1850 clamque
327 1770 403 1831 datis
424 1771 510 1832 donis
534 1769 694 1850 exspoliata
717 1769 803 1830 bonis

128 1853 263 1933 Sponsus
283 1854 448 1935 Penelopes
470 1873 576 1935 passus
598 1873 696 1924 mare,
719 1861 868 1922 monstra,
892 1853 1043 1934 Cyclopes,

167 1938 334 2000 Transtulit
354 1940 392 2000 ad
415 1939 543 2019 Dolopes
565 1939 776 2002 Laomedontis
798 1955 879 2017 opes.
1039 1949 1087 1995 roo

108 2020 256 2082 'Flamma
280 2023 365 2084 Paris
386 2027 509 2102 patriae,
533 2024 647 2084 iormae
670 2042 729 2102 quo
750 2022 850 2101 judice
874 2021 952 2096 diae,

166 2105 258 2185 Troja
281 2117 370 2187 caput
392 2107 544 2188 Phrygiae,
568 2107 682 2186 flosque
700 2106 783 2185 jacet
803 2109 898 2167 Asiae.

123 2191 270 2252 lunonem
293 2193 391 2261 laedit,
416 2195 522 2254 Veneri
545 2211 611 2253 cum
635 2200 737 2272 pastor
758 2191 868 2260 obedit,

163 2275 236 2337 Cum
258 2274 347 2354 judex
371 2277 449 2337 sedit
472 2285 516 2337 tot
538 2276 594 2337 tibi
618 2276 724 2338 damna
748 2275 838 2335 dedit.

123 2358 168 2419 Ne
190 2362 257 2437 quis
279 2370 358 2422 amet
380 2368 492 2422 temere
515 2361 602 2422 docet
623 2360 730 2421 obruta
753 2358 842 2440 Troja
866 2377 979 2429 carere,
1040 2368 1087 2417 roo

163 2442 243 2513 Quae
266 2445 381 2506 Paridis
403 2444 517 2506 scalere
539 2446 572 2505 nt
594 2444 668 2505 nihil
691 2443 804 2523 absque
827 2445 901 2504 iere.

124 2526 280 2589 Priamidis
302 2529 419 2590 lacerae
440 2547 604 2608 regumque
627 2529 736 2591 domus
759 2529 906 2589 cecidere.

49 2647 55 2654 ·
163 2612 274 2674 Turres
296 2616 473 2675 innumerae
494 2611 668 2683 nuncubi?
692 2612 747 2673 sub
770 2614 881 2673 cinere.

9 2725 10 2748 2
121 2694 252 2771 ¹Palladis
274 2699 439 2776 armigerae
463 2716 520 2776 quo
543 2697 653 2778 templa
677 2698 842 2777 domusque
863 2698 958 2765 luere,

166 2781 338 2843 Extendunt
359 2783 488 2844 hederae
511 2782 634 2844 brachia
657 2781 768 2859 tentat)
792 2784 867 2842 iere.
1039 2791 1087 2838 rio

125 2865 219 2945 Rapio
243 2865 424 2945 Tyndaridis
447 2867 529 2929 lrnor
552 2877 596 2928 est
619 2884 762 2928 accensus
784 2867 894 2927 Atridis

166 2948 306 3028 Bellaque
329 2950 508 3014 dardanidis
530 2954 622 3012 movit
645 2970 729 3011 amor
751 2949 878 3011 Paridis.

11 3103 12 3122 ἶ
121 3031 238 3095 Pedieis
260 3034 428 3097 obscoenae
450 3039 611 3097 commorit
633 3036 728 3097 torma
750 3034 885 3096 Lacenae

163 3117 196 3176 ln
219 3120 317 3180 scelus
339 3120 451 3181 effrene
474 3128 595 3197 pectora
618 3118 815 3198 Trojogeuae,

123 3200 170 3262 Sic
192 3203 284 3264 iacies
306 3203 436 3266 Helenae
458 3206 516 3265 luit
538 3206 636 3265 exitus
658 3204 741 3264 urbis
764 3222 915 3272 amoenae,
1038 3210 1087 3258 tto

163 3284 276 3357 Crines,
300 3287 385 3358 oolla,
407 3306 503 3368 genae
525 3297 693 3367 cunctaque
715 3296 811 3350 conta
835 3287 923 3347 bene.
956 3287 959 3292 ’

120 3411 324 3426 --·-·--ι-

187 3470 211 3534 ⁸)
231 3470 296 3523 eoa.
318 3472 414 3523 lustra.
