2509 3917
174 176 217 242 80
477 181 540 234 Lib.
559 181 610 232 111.
647 198 673 232 v.
691 184 838 233 rut-308.

375 360 500 416 VERBA
517 359 699 416 HECTORIS
716 362 767 416 AD
786 362 935 421 ULIXEM.

174 465 321 545 Tempora
343 465 429 545 longa
453 474 533 527 tenet
556 465 669 527 Hector
691 478 839 546 suspecta,
862 471 1020 532 revolvens

217 552 276 611 Cur
298 558 436 630 peterent
457 552 542 612 annis
563 568 677 630 ponere
700 550 779 613 heila
802 553 908 614 tribus.

174 634 270 695 Verba
292 636 455 713 gerundiva
477 636 558 714 pacis
580 635 785 712 praetenditis,
809 639 918 718 inquit,

216 719 371 779 Exteriore
392 725 505 797 patent,
529 721 671 781 interiora
693 717 795 781 latent.

173 800 234 863 Nos
256 803 377 872 scimus,
400 814 542 879 quantum
564 802 662 865 bonus
684 823 716 864 es
738 807 880 866 recitator
903 806 1017 877 Ulixes,
1097 804 1149 866 ³285

217 885 257 947 Os
279 889 386 965 aperis,
411 891 491 948 intus
512 896 636 967 pectora
659 888 759 950 clausa
782 892 873 966 geris.

174 968 207 1030 Si
229 970 283 1030 tibi
306 973 350 1031 vis
372 971 465 1040 credi,
488 974 572 1051 prius
593 990 669 1033 exue
692 974 903 1054 suspicionem,

215 1053 290 1114 Nam
312 1054 389 1116 solet
410 1054 528 1116 excludi
549 1057 720 1135 suspicione
742 1056 825 1119 iides.

173 1136 242 1199 iure
264 1138 338 1199 mihi
361 1148 517 1218 suspectus
540 1141 607 1207 eris,
632 1148 751 1220 treugas
775 1141 872 1203 trihus
891 1143 978 1202 annis

218 1221 303 1292 Quod
326 1241 381 1301 pro
403 1225 552 1286 defunctis
573 1224 780 1286 intumuiando
801 1228 888 1305 petis.
1095 1236 1148 1284 290

173 1305 440 1369 Laomedontiades
462 1307 601 1387 Trojanis
621 1310 677 1370 ista
698 1312 811 1371 vocatis
1037 1376 1040 1382 ,

215 1390 344 1460 intimat,
368 1395 524 1468 inquirens
546 1393 696 1471 quomodo
720 1392 764 1453 vei
787 1394 859 1473 quid
883 1402 959 1472 agat.

173 1475 345 1537 Communis
367 1494 529 1537 consensus
552 1485 616 1537 erat
637 1479 668 1538 in
692 1494 764 1556 pace
786 1480 915 1549 trienni;

214 1559 271 1630 Oui
295 1561 424 1621 tulerant
445 1560 577 1628 verbum,
600 1580 668 1621 mox
692 1561 811 1623 rediere
834 1562 966 1624 domum.

205 1737 335 1791 Pacuio
352 1738 548 1792 TRIENNEM
564 1739 762 1795 REFERUNT
780 1741 917 1796 Luceni
935 1740 1105 1797 GRAECIS.

172 1859 274 1934 Legati
297 1877 439 1937 responsa
462 1860 576 1921 ierunt:
601 1863 802 1939 Agamemnon
825 1863 856 1922 in
879 1880 972 1923 unum
1095 1875 1148 1923 295

218 1944 327 2003 Accitis
349 1944 478 2012 Graecis,
499 1942 616 2024 singula
638 1957 741 2008 narrat
764 1948 817 2007 eis.

171 2026 225 2100 ite,
248 2028 349 2093 refert,
373 2031 546 2107 campisque
568 2032 649 2090 viros
670 2032 795 2109 sepelite
815 2029 958 2109 jacentes,

217 2109 296 2171 diors
318 2119 364 2172 est
386 2112 460 2173 iacta
484 2111 593 2192 quihus
615 2114 782 2175 indubitata
804 2114 885 2175 tides.

174 2194 276 2255 Primo
297 2194 360 2256 soie
382 2195 476 2257 solum
500 2197 627 2257 ierienie
650 2198 789 2259 feruntur
811 2201 843 2258 in
865 2197 938 2259 altas

167 2317 169 2319 -
215 2278 312 2340 Occisi
334 2281 439 2351 fossas,
461 2279 547 2360 piebs
569 2282 647 2359 rigat
668 2299 767 2359 ungue
789 2300 890 2360 genas.
1092 2293 1147 2342 300

173 2362 351 2424 Subterrant
372 2366 461 2426 etiam
484 2364 603 2445 Phrygii
625 2383 678 2425 sua
701 2367 817 2435 iuuere,
840 2365 928 2427 telins

214 2446 339 2510 Parvula
363 2467 436 2528 quos
459 2451 577 2526 refugit,
600 2450 746 2510 maximus
767 2452 845 2528 ignis
868 2449 937 2511 edit.

147 2560 149 2565 s
171 2531 288 2592 Moenia
311 2532 698 2611 Trojanns‚1irgirusveia
721 2536 856 2602 resarcit,

213 2615 359 2693 Trojanus
381 2635 485 2678 muros
506 2617 722 2696 Argolicosque
744 2627 834 2678 rates.
1120 2684 1126 2691 ,

170 2697 321 2778 Praecipit
342 2717 489 2761 annonam
514 2700 610 2760 medio
633 2717 686 2760 rex
708 2710 843 2779 tempore
866 2701 949 2770 ierri,
1092 2713 1146 2761 305

213 2782 252 2842 Ut
273 2790 451 2860 procuretur
473 2784 558 2861 copia
580 2783 672 2843 muita
695 2783 765 2845 cibi.

169 2863 306 2944 Undique
329 2865 479 2942 coiiigitur
502 2869 662 2936 exercitus,
686 2885 767 2928 arma
790 2877 949 2939 novantur,

211 2948 351 3021 Beiiicus,
374 2950 529 3014 advehitur
550 2969 649 3021 omne,
672 2951 750 3031 quod
775 2969 844 3011 usus
867 2960 941 3012 aret.

169 3068 371 3077 --Ἦ

237 3133 295 3186 282.
316 3149 331 3182 e
349 3135 487 3198 margins:
505 3139 631 3200 peterent
648 3149 697 3199 pro
715 3134 820 3184 codicis
838 3135 1021 3200 „ponerent“.
1080 3140 1144 3189 291.

168 3214 219 3262 pro
238 3198 323 3249 codic.
342 3200 591 3252 Leocedonticder.
626 3201 724 3266 Margo
742 3201 839 3253 Leom.
859 3204 995 3254 Priamus.
1081 3207 1144 3260 293.

167 3265 276 3332 Margo:
304 3267 362 3318 Pax
389 3268 511 3318 secunde
534 3269 615 3317 trium
639 3283 781 3319 annorum.
867 3272 926 3321 299.
944 3285 1033 3337 marg.
1056 3271 1143 3326 cites.
1166 3282 1169 3290 ·

168 3334 320 3399 profundos
342 3334 439 3385 fossus.
526 3338 584 3386 300.
605 3334 673 3386 (iod.
696 3335 765 3400 pies.
784 3350 864 3400 ugus.
952 3339 1011 3388 302.
1030 3354 1142 3405 mergo:

168 3402 232 3465 qnia
254 3408 328 3452 terre
349 3417 405 3452 non
428 3400 538 3453 suffecit
556 3404 596 3452 eis
615 3403 651 3452 cd
669 3402 865 3466 sepeliendum.
953 3406 1013 3456 307.
1032 3421 1143 3472 margo.

168 3468 319 3518 desideret.
846 3493 849 3500 ·
