2509 3917
437 207 500 296 mo.
520 207 551 263 v.
580 224 606 262 v.
624 210 768 261 ros-491.
1028 208 1087 272 147

276 354 458 425 [prossus
476 354 730 416 sudomirus
748 356 936 428 sonoros]

116 461 216 522 Porro
238 459 395 521 foemineis
418 459 516 522 illotos
538 462 651 523 viribus
672 465 745 540 Argi

164 542 296 605 insultus
317 543 389 605 belli
411 546 459 605 vix
481 556 605 625 potuere
628 549 707 626 psti;

119 629 302 690 lietrorsnm
326 640 443 690 verrere
465 631 600 709 gradum,
622 628 683 709 jam
704 630 824 711 jamque
847 632 991 712 parabant
1039 642 1090 692 sno

162 712 247 772 Vitae
270 715 418 791 praesidis
442 732 563 794 ponere,
588 724 669 792 terga
694 715 776 776 dare.

118 797 187 869 Quo
210 799 306 868 ruitis,
330 799 420 877 pilsts
444 799 570 860 cohors?
592 799 758 861 inclamitat
779 799 846 868 eltis

164 881 293 942 Vocibus
315 882 370 943 bos
393 883 541 963 Pyrrhum
565 893 611 945 est
633 888 701 962 luga
725 884 838 962 grande
860 884 968 948 scelus.

81 1010 91 1014 -
117 966 145 1028 θ
168 965 254 1027 miles
277 969 329 1046 qni
352 967 457 1028 militia
478 969 638 1048 gladioque
660 972 788 1030 resultas

161 1049 287 1112 Militiae
311 1050 440 1122 titulum,
465 1052 535 1132 qnid
558 1053 698 1132 fugiendo
721 1054 819 1133 lngas!
1037 1063 1089 1113 470

122 1135 149 1197 0
172 1133 275 1196 lemnii
297 1137 417 1215 turpes!
439 1154 558 1198 servum
580 1156 683 1217 pecus,
708 1138 819 1218 absque
842 1156 949 1199 eruore

163 1220 280 1289 Fortes,
305 1217 454 1281 debilibus
477 1225 575 1300 turpia
598 1230 682 1300 terga
705 1222 798 1283 datis?

73 1373 85 1384 f
115 1305 303 1366 Immensum
325 1307 399 1366 sosii
421 1307 519 1367 seelus
542 1313 587 1367 est
607 1307 688 1385 iugo,
712 1309 838 1368 crimino
861 1307 965 1383 quovis

164 1388 295 1451 Credere
319 1389 435 1450 debetis
457 1392 574 1469 turpius
597 1409 662 1451 esse
683 1392 803 1469 ingemi

118 1474 255 1535 Bnooins
278 1492 332 1535 our
354 1476 472 1552 signnm
495 1475 545 1535 dat
567 1473 645 1535 bello
668 1493 758 1535 ranoa
781 1481 948 1543 cruentum,
1036 1481 1091 1531 475

164 1556 358 1630 Sjvolnmns
381 1561 451 1618 visis
474 1557 596 1619 ensibus
618 1561 664 1619 ire
687 1557 825 1618 domum?

119 1641 268 1703 Foetidus
290 1649 334 1704 est
357 1645 482 1720 lugiens,
506 1645 641 1710 vitiosus,
665 1644 760 1722 turpis
783 1655 813 1703 et
835 1641 930 1710 exlex,

166 1725 289 1810 Militiae
312 1744 436 1788 consors
458 1726 585 1806 amplios
607 1747 673 1788 esse
695 1729 806 1806 nequit.

117 1811 226 1872 blilitis
247 1828 264 1870 a
287 1810 387 1872 tabula
410 1817 440 1871 te
463 1829 501 1871 ne
523 1812 593 1871 dnm
616 1813 770 1890 principis,
792 1830 810 1871 o
832 1812 882 1890 qui

166 1894 295 1972 Fugeris
317 1897 349 1955 in
372 1894 462 1964 bello,
487 1896 606 1956 mandat
627 1895 712 1956 abire
733 1896 822 1971 lugo?
1040 1901 1092 1950 480

120 1978 155 2040 Si
179 1976 261 2039 bium
285 1987 371 2042 neret
393 1979 482 2039 bodie
506 1979 561 2040 tibi
585 1979 690 2041 Clotho
713 1996 896 2058 supremum,
1119 1989 1122 1994 ’

166 2064 275 2141 Aptius
298 2082 313 2123 a
337 2080 437 2142 pugna
460 2081 549 2143 qnam
570 2064 688 2143 rapiere
710 2064 798 2141 luga?

118 2146 167 2207 Ad
190 2145 316 2225 pelagus
339 2165 407 2207 oum
430 2149 574 2208 veneritis
596 2148 668 2226 quid
693 2146 814 2225 postes?
837 2154 919 2205 vasto
1034 2191 1041 2200 „

166 2230 256 2293 lbitls
277 2240 347 2291 ante
369 2230 432 2291 dies
455 2250 507 2292 vos
529 2232 659 2310 sepelire
682 2233 769 2290 ireto.

118 2314 221 2375 Fidito
246 2333 284 2375 ne
307 2314 443 2392 podibus,
467 2316 548 2376 lerro
565 2314 736 2393 rumpenda
758 2333 813 2392 per
835 2311 935 2373 bostes
1041 2320 1091 2370 48⁵

167 2398 225 2459 list
247 2401 304 2472 ria,
329 2398 367 2459 sit
389 2401 524 2477 quamvis
547 2398 657 2459 densus
680 2396 790 2476 ubique
814 2395 927 2472 globus.

120 2482 214 2543 Deest
236 2482 297 2561 jam
320 2491 401 2543 terra
423 2485 522 2560 lugeo,
545 2482 668 2560 pelagus
690 2483 852 2559 patriamve
874 2488 1018 2558 petemus,

168 2567 278 2644 Magno
301 2584 356 2627 nos
379 2568 488 2627 clandit
510 2567 597 2627 obice
619 2564 733 2643 grande
756 2564 862 2626 salum.

120 2649 239 2711 Vertite
262 2651 449 2728 cornipedes,
473 2650 623 2727 laniosque
645 2650 780 2710 letantur
801 2650 833 2710 in
856 2648 966 2717 hostes,

164 2735 262 2795 Enses
284 2735 403 2810 erigite,
427 2732 548 2795 vulnera
572 2734 654 2812 larga
676 2734 753 2794 dete.
1041 2741 1091 2791 490

117 2819 187 2879 Jsm
209 2820 335 2895 fugient,
358 2820 410 2897 qui
432 2818 511 2879 lorte
533 2820 646 2894 sugant,
670 2818 791 2878 victoria
814 2825 916 2878 nostra

190 3020 252 3069 ddi.
272 3019 351 3083 virg.
368 3016 435 3070 Aen.
452 3018 514 3079 xil,
532 3019 590 3071 312.
609 3020 642 3069 13

327 3111 359 3121 -
377 3110 413 3122 -
430 3089 512 3149 atque
529 3099 595 3135 suos
613 3083 731 3135 elamore
749 3083 875 3146 vocabat,

151 3205 153 3214 ,
227 3154 288 3216 Quo
306 3152 406 3202 ruitis?

327 3218 418 3271 Guslt.
436 3217 514 3268 Alex.
531 3219 569 3281 Π,
587 3219 636 3269 381
656 3233 697 3284 sq.

227 3288 287 3351 Quo
306 3287 388 3336 ruitis
406 3286 531 3350 periture
548 3287 666 3336 monus?
680 3285 850 3349 juvenemne
868 3288 974 3352 putetis

225 3355 366 3420 Invictum
385 3352 482 3416 lugere
500 3352 582 3416 hone,
602 3354 649 3418 qni
668 3354 765 3417 quovis
784 3355 899 3405 erimine
918 3352 1008 3405 eredit

226 3422 348 3487 Turpius
366 3435 426 3470 esse
446 3419 550 3484 lugam.

113 3489 179 3541 488.
199 3486 293 3540 Sehol.
311 3487 362 3538 sal.
382 3502 467 3537 mere.

110 3577 113 3582 ’
836 3567 887 3618 10*
