<?xml version="1.0" encoding="UTF-8"?>
<!DOCTYPE html PUBLIC "-//W3C//DTD XHTML 1.0 Transitional//EN"
    "http://www.w3.org/TR/xhtml1/DTD/xhtml1-transitional.dtd">
<html xmlns="http://www.w3.org/1999/xhtml" xml:lang="en" lang="en">
 <head>
  <title>
</title>
<meta http-equiv="Content-Type" content="text/html;charset=utf-8" />
  <meta name='ocr-system' content='tesseract 3.04.00' />
  <meta name='ocr-capabilities' content='ocr_page ocr_carea ocr_par ocr_line ocrx_word'/>
</head>
<body>
  <div class='ocr_page' id='page_1' title='image "./troilus00albegoog_0208.png"; bbox 0 0 2509 3917; ppageno 0'>
   <div class='ocr_carea' id='block_1_1' title="bbox 176 199 831 265">
    <p class='ocr_par' dir='ltr' id='par_1_1' title="bbox 176 199 831 265">
     <span class='ocr_line' id='line_1_1' title="bbox 176 199 831 265; baseline 0.002 -14"><span class='ocrx_word' id='word_1_1' title='bbox 176 199 238 265; x_wconf 80' lang='lat'>154</span> <span class='ocrx_word' id='word_1_2' title='bbox 490 201 554 252; x_wconf 79' lang='lat' dir='ltr'>nte.</span> <span class='ocrx_word' id='word_1_3' title='bbox 572 202 606 253; x_wconf 86' lang='lat' dir='ltr'>v.</span> <span class='ocrx_word' id='word_1_4' title='bbox 641 216 670 252; x_wconf 78' lang='lat' dir='ltr'>v.</span> <span class='ocrx_word' id='word_1_5' title='bbox 687 201 831 253; x_wconf 77' lang='lat' dir='ltr'>err-too</span> 
     </span>
    </p>
   </div>
   <div class='ocr_carea' id='block_1_2' title="bbox 167 351 1216 2371">
    <p class='ocr_par' dir='ltr' id='par_1_2' title="bbox 167 351 1216 2371">
     <span class='ocr_line' id='line_1_2' title="bbox 174 351 904 431; baseline 0.001 -18"><span class='ocrx_word' id='word_1_6' title='bbox 174 352 260 424; x_wconf 85' lang='lat' dir='ltr'>Quod</span> <span class='ocrx_word' id='word_1_7' title='bbox 283 353 366 415; x_wconf 88' lang='lat' dir='ltr'>scitis</span> <span class='ocrx_word' id='word_1_8' title='bbox 387 351 474 431; x_wconf 73' lang='lat' dir='ltr'>ionga</span> <span class='ocrx_word' id='word_1_9' title='bbox 497 353 569 413; x_wconf 81' lang='lat' dir='ltr'>tacit</span> <span class='ocrx_word' id='word_1_10' title='bbox 590 354 780 429; x_wconf 71' lang='lat' dir='ltr'>assuefactio,</span> <span class='ocrx_word' id='word_1_11' title='bbox 803 354 904 427; x_wconf 86' lang='lat' dir='ltr'>vultis,</span> 
     </span>
     <span class='ocr_line' id='line_1_3' title="bbox 216 437 795 514; baseline 0 -16"><span class='ocrx_word' id='word_1_12' title='bbox 216 438 279 498; x_wconf 86' lang='lat' dir='ltr'>Hoc</span> <span class='ocrx_word' id='word_1_13' title='bbox 301 438 379 499; x_wconf 84' lang='lat' dir='ltr'>firmi</span> <span class='ocrx_word' id='word_1_14' title='bbox 402 437 501 498; x_wconf 89' lang='lat' dir='ltr'>cordis</span> <span class='ocrx_word' id='word_1_15' title='bbox 521 438 684 514; x_wconf 77' lang='lat' dir='ltr'>imperiosa</span> <span class='ocrx_word' id='word_1_16' title='bbox 706 437 795 504; x_wconf 65' lang='lat' dir='ltr'>tidem</span> 
     </span>
     <span class='ocr_line' id='line_1_4' title="bbox 174 519 859 600; baseline 0.004 -20"><span class='ocrx_word' id='word_1_17' title='bbox 174 519 303 600; x_wconf 79' lang='lat' dir='ltr'>Propter</span> <span class='ocrx_word' id='word_1_18' title='bbox 323 523 463 583; x_wconf 85' lang='lat' dir='ltr'>militiam</span> <span class='ocrx_word' id='word_1_19' title='bbox 485 521 609 589; x_wconf 87' lang='lat' dir='ltr'>dehetis</span> <span class='ocrx_word' id='word_1_20' title='bbox 633 521 744 582; x_wconf 79' lang='lat' dir='ltr'>robore</span> <span class='ocrx_word' id='word_1_21' title='bbox 767 524 859 584; x_wconf 84' lang='lat' dir='ltr'>tincta</span> 
     </span>
     <span class='ocr_line' id='line_1_5' title="bbox 217 605 1155 687; baseline 0 -22"><span class='ocrx_word' id='word_1_22' title='bbox 217 605 328 680; x_wconf 79' lang='lat' dir='ltr'>Virtus,</span> <span class='ocrx_word' id='word_1_23' title='bbox 353 606 432 687; x_wconf 87' lang='lat' dir='ltr'>quod</span> <span class='ocrx_word' id='word_1_24' title='bbox 455 623 561 683; x_wconf 77' lang='lat' dir='ltr'>gerere</span> <span class='ocrx_word' id='word_1_25' title='bbox 585 605 663 667; x_wconf 90' lang='lat' dir='ltr'>belia</span> <span class='ocrx_word' id='word_1_26' title='bbox 686 607 821 685; x_wconf 88' lang='lat' dir='ltr'>potestis,</span> <span class='ocrx_word' id='word_1_27' title='bbox 844 608 917 683; x_wconf 83' lang='lat' dir='ltr'>agit.</span> <span class='ocrx_word' id='word_1_28' title='bbox 1094 612 1155 665; x_wconf 82' lang='grc'>680</span> 
     </span>
     <span class='ocr_line' id='line_1_6' title="bbox 175 683 897 772; baseline -0.001 -21"><span class='ocrx_word' id='word_1_29' title='bbox 175 690 206 751; x_wconf 89' lang='lat' dir='ltr'>Si</span> <span class='ocrx_word' id='word_1_30' title='bbox 230 692 302 759; x_wconf 83' lang='lat' dir='ltr'>scio,</span> <span class='ocrx_word' id='word_1_31' title='bbox 325 692 371 772; x_wconf 86' lang='lat' dir='ltr'>siq</span> <span class='ocrx_word' id='word_1_32' title='bbox 373 710 409 751; x_wconf 91' lang='lat' dir='ltr'>ue</span> <span class='ocrx_word' id='word_1_33' title='bbox 432 683 507 761; x_wconf 82' lang='lat' dir='ltr'>volo,</span> <span class='ocrx_word' id='word_1_34' title='bbox 529 691 555 751; x_wconf 91' lang='lat' dir='ltr'>si</span> <span class='ocrx_word' id='word_1_35' title='bbox 577 689 684 765; x_wconf 88' lang='lat' dir='ltr'>debeo,</span> <span class='ocrx_word' id='word_1_36' title='bbox 707 689 804 752; x_wconf 90' lang='lat' dir='ltr'>debeo</span> <span class='ocrx_word' id='word_1_37' title='bbox 826 708 897 750; x_wconf 85' lang='lat' dir='ltr'>vero</span> 
     </span>
     <span class='ocr_line' id='line_1_7' title="bbox 219 773 1002 854; baseline -0.003 -19"><span class='ocrx_word' id='word_1_38' title='bbox 219 774 290 836; x_wconf 90' lang='lat' dir='ltr'>Sum</span> <span class='ocrx_word' id='word_1_39' title='bbox 313 777 382 854; x_wconf 88' lang='lat' dir='ltr'>quia</span> <span class='ocrx_word' id='word_1_40' title='bbox 404 792 469 843; x_wconf 85' lang='lat' dir='ltr'>rex.</span> <span class='ocrx_word' id='word_1_41' title='bbox 492 773 607 836; x_wconf 89' lang='lat' dir='ltr'>modica</span> <span class='ocrx_word' id='word_1_42' title='bbox 632 776 675 836; x_wconf 89' lang='lat' dir='ltr'>vis</span> <span class='ocrx_word' id='word_1_43' title='bbox 697 774 771 835; x_wconf 88' lang='lat' dir='ltr'>mihi</span> <span class='ocrx_word' id='word_1_44' title='bbox 793 791 881 851; x_wconf 86' lang='lat' dir='ltr'>posse</span> <span class='ocrx_word' id='word_1_45' title='bbox 903 781 1002 850; x_wconf 77' lang='lat' dir='ltr'>negat.</span> 
     </span>
     <span class='ocr_line' id='line_1_8' title="bbox 175 858 894 939; baseline -0.004 -18"><span class='ocrx_word' id='word_1_46' title='bbox 175 858 297 939; x_wconf 82' lang='lat' dir='ltr'>Singula</span> <span class='ocrx_word' id='word_1_47' title='bbox 320 859 357 920; x_wconf 89' lang='lat' dir='ltr'>de</span> <span class='ocrx_word' id='word_1_48' title='bbox 380 859 469 920; x_wconf 89' lang='lat' dir='ltr'>nobis</span> <span class='ocrx_word' id='word_1_49' title='bbox 491 860 562 919; x_wconf 92' lang='lat' dir='ltr'>anni</span> <span class='ocrx_word' id='word_1_50' title='bbox 584 859 766 938; x_wconf 89' lang='lat' dir='ltr'>praedantur</span> <span class='ocrx_word' id='word_1_51' title='bbox 787 867 894 919; x_wconf 82' lang='lat' dir='ltr'>euntes</span> 
     </span>
     <span class='ocr_line' id='line_1_9' title="bbox 218 940 912 1023; baseline -0.006 -17"><span class='ocrx_word' id='word_1_52' title='bbox 218 947 284 1006; x_wconf 87' lang='lat' dir='ltr'>Jam</span> <span class='ocrx_word' id='word_1_53' title='bbox 305 943 446 1005; x_wconf 79' lang='lat' dir='ltr'>Lachesis</span> <span class='ocrx_word' id='word_1_54' title='bbox 468 951 568 1004; x_wconf 84' lang='lat' dir='ltr'>nostra</span> <span class='ocrx_word' id='word_1_55' title='bbox 591 960 732 1023; x_wconf 87' lang='lat' dir='ltr'>rumpere</span> <span class='ocrx_word' id='word_1_56' title='bbox 754 940 802 1003; x_wconf 82' lang='lat' dir='ltr'>iiia</span> <span class='ocrx_word' id='word_1_57' title='bbox 824 942 912 1003; x_wconf 79' lang='lat' dir='ltr'>volet.</span> 
     </span>
     <span class='ocr_line' id='line_1_10' title="bbox 177 1026 1154 1110; baseline -0.006 -18"><span class='ocrx_word' id='word_1_58' title='bbox 177 1029 276 1110; x_wconf 78' lang='lat' dir='ltr'>injicit</span> <span class='ocrx_word' id='word_1_59' title='bbox 297 1046 368 1090; x_wconf 88' lang='lat' dir='ltr'>ecce</span> <span class='ocrx_word' id='word_1_60' title='bbox 391 1046 511 1089; x_wconf 90' lang='lat' dir='ltr'>manum</span> <span class='ocrx_word' id='word_1_61' title='bbox 534 1026 649 1088; x_wconf 78' lang='lat' dir='ltr'>formae</span> <span class='ocrx_word' id='word_1_62' title='bbox 672 1026 813 1089; x_wconf 88' lang='lat' dir='ltr'>damnosa</span> <span class='ocrx_word' id='word_1_63' title='bbox 836 1037 985 1097; x_wconf 87' lang='lat' dir='ltr'>senectus,</span> <span class='ocrx_word' id='word_1_64' title='bbox 1096 1036 1154 1086; x_wconf 76' lang='grc'>685</span> 
     </span>
     <span class='ocr_line' id='line_1_11' title="bbox 167 1112 926 1192; baseline -0.008 -17"><span class='ocrx_word' id='word_1_65' title='bbox 167 1135 173 1148; x_wconf 81' lang='lat'><strong>·</strong></span> <span class='ocrx_word' id='word_1_66' title='bbox 219 1114 302 1185; x_wconf 84' lang='lat' dir='ltr'>Quae</span> <span class='ocrx_word' id='word_1_67' title='bbox 325 1115 470 1192; x_wconf 89' lang='lat' dir='ltr'>strepitus</span> <span class='ocrx_word' id='word_1_68' title='bbox 491 1129 581 1191; x_wconf 91' lang='lat' dir='ltr'>passu</span> <span class='ocrx_word' id='word_1_69' title='bbox 604 1130 665 1172; x_wconf 93' lang='lat' dir='ltr'>non</span> <span class='ocrx_word' id='word_1_70' title='bbox 687 1112 815 1173; x_wconf 80' lang='lat' dir='ltr'>faciente</span> <span class='ocrx_word' id='word_1_71' title='bbox 836 1112 926 1179; x_wconf 85' lang='lat' dir='ltr'>venit,</span> 
     </span>
     <span class='ocr_line' id='line_1_12' title="bbox 175 1195 961 1277; baseline -0.003 -19"><span class='ocrx_word' id='word_1_72' title='bbox 175 1199 240 1259; x_wconf 87' lang='lat' dir='ltr'>Jam</span> <span class='ocrx_word' id='word_1_73' title='bbox 263 1215 328 1258; x_wconf 89' lang='lat' dir='ltr'>mea</span> <span class='ocrx_word' id='word_1_74' title='bbox 351 1214 479 1277; x_wconf 78' lang='lat' dir='ltr'>cygneus</span> <span class='ocrx_word' id='word_1_75' title='bbox 500 1197 656 1257; x_wconf 86' lang='lat' dir='ltr'>imitantur</span> <span class='ocrx_word' id='word_1_76' title='bbox 677 1203 812 1276; x_wconf 90' lang='lat' dir='ltr'>tempora</span> <span class='ocrx_word' id='word_1_77' title='bbox 835 1195 961 1276; x_wconf 84' lang='lat' dir='ltr'>plumas,</span> 
     </span>
     <span class='ocr_line' id='line_1_13' title="bbox 216 1279 851 1358; baseline -0.003 -16"><span class='ocrx_word' id='word_1_78' title='bbox 216 1281 313 1343; x_wconf 82' lang='lat' dir='ltr'>induit</span> <span class='ocrx_word' id='word_1_79' title='bbox 335 1290 364 1340; x_wconf 88' lang='lat' dir='ltr'>et</span> <span class='ocrx_word' id='word_1_80' title='bbox 385 1283 487 1358; x_wconf 77' lang='lat' dir='ltr'>nigras</span> <span class='ocrx_word' id='word_1_81' title='bbox 509 1279 575 1341; x_wconf 81' lang='lat' dir='ltr'>alba</span> <span class='ocrx_word' id='word_1_82' title='bbox 599 1289 719 1341; x_wconf 75' lang='lat' dir='ltr'>senecta</span> <span class='ocrx_word' id='word_1_83' title='bbox 742 1298 851 1350; x_wconf 88' lang='lat' dir='ltr'>comas,</span> 
     </span>
     <span class='ocr_line' id='line_1_14' title="bbox 173 1364 959 1442; baseline -0.003 -15"><span class='ocrx_word' id='word_1_84' title='bbox 173 1366 239 1427; x_wconf 84' lang='lat' dir='ltr'>Jam</span> <span class='ocrx_word' id='word_1_85' title='bbox 263 1364 392 1426; x_wconf 90' lang='lat' dir='ltr'>subeunt</span> <span class='ocrx_word' id='word_1_86' title='bbox 413 1367 485 1427; x_wconf 91' lang='lat' dir='ltr'>anni</span> <span class='ocrx_word' id='word_1_87' title='bbox 506 1364 638 1442; x_wconf 80' lang='lat' dir='ltr'>fragiles,</span> <span class='ocrx_word' id='word_1_88' title='bbox 663 1371 692 1425; x_wconf 90' lang='lat' dir='ltr'>et</span> <span class='ocrx_word' id='word_1_89' title='bbox 714 1367 839 1425; x_wconf 85' lang='lat' dir='ltr'>inertior</span> <span class='ocrx_word' id='word_1_90' title='bbox 861 1374 959 1433; x_wconf 88' lang='lat' dir='ltr'>aetas;</span> 
     </span>
     <span class='ocr_line' id='line_1_15' title="bbox 215 1448 1154 1530; baseline -0.005 -18"><span class='ocrx_word' id='word_1_91' title='bbox 215 1451 340 1530; x_wconf 79' lang='lat' dir='ltr'>Jamque</span> <span class='ocrx_word' id='word_1_92' title='bbox 363 1466 468 1529; x_wconf 90' lang='lat' dir='ltr'>parum</span> <span class='ocrx_word' id='word_1_93' title='bbox 491 1452 578 1511; x_wconf 83' lang='lat' dir='ltr'>hrmo</span> <span class='ocrx_word' id='word_1_94' title='bbox 601 1467 649 1510; x_wconf 90' lang='lat' dir='ltr'>me</span> <span class='ocrx_word' id='word_1_95' title='bbox 671 1448 742 1509; x_wconf 88' lang='lat' dir='ltr'>mihi</span> <span class='ocrx_word' id='word_1_96' title='bbox 766 1448 845 1508; x_wconf 83' lang='lat' dir='ltr'>ferre</span> <span class='ocrx_word' id='word_1_97' title='bbox 867 1465 967 1525; x_wconf 82' lang='lat' dir='ltr'>grave.</span> <span class='ocrx_word' id='word_1_98' title='bbox 1093 1457 1154 1507; x_wconf 79' lang='grc'>680</span> 
     </span>
     <span class='ocr_line' id='line_1_16' title="bbox 174 1530 1060 1611; baseline -0.005 -15"><span class='ocrx_word' id='word_1_99' title='bbox 174 1536 279 1596; x_wconf 88' lang='lat' dir='ltr'>Omnia</span> <span class='ocrx_word' id='word_1_100' title='bbox 302 1535 473 1602; x_wconf 69' lang='lat' dir='ltr'>intactas,</span> <span class='ocrx_word' id='word_1_101' title='bbox 498 1535 628 1594; x_wconf 91' lang='lat' dir='ltr'>animum</span> <span class='ocrx_word' id='word_1_102' title='bbox 653 1549 786 1611; x_wconf 79' lang='lat' dir='ltr'>quoque3</span> <span class='ocrx_word' id='word_1_103' title='bbox 810 1535 855 1593; x_wconf 89' lang='lat' dir='ltr'>sic</span> <span class='ocrx_word' id='word_1_104' title='bbox 877 1550 932 1609; x_wconf 78' lang='lat' dir='ltr'>ego</span> <span class='ocrx_word' id='word_1_105' title='bbox 954 1530 1060 1609; x_wconf 78' lang='lat' dir='ltr'>longos</span> 
     </span>
     <span class='ocr_line' id='line_1_17' title="bbox 217 1616 874 1697; baseline -0.003 -18"><span class='ocrx_word' id='word_1_106' title='bbox 217 1618 337 1680; x_wconf 86' lang='lat' dir='ltr'>Viribus</span> <span class='ocrx_word' id='word_1_107' title='bbox 360 1617 509 1679; x_wconf 80' lang='lat' dir='ltr'>exhaustis</span> <span class='ocrx_word' id='word_1_108' title='bbox 531 1617 624 1697; x_wconf 85' lang='lat' dir='ltr'>perdo</span> <span class='ocrx_word' id='word_1_109' title='bbox 647 1616 778 1677; x_wconf 86' lang='lat' dir='ltr'>vacando</span> <span class='ocrx_word' id='word_1_110' title='bbox 800 1616 874 1677; x_wconf 88' lang='lat' dir='ltr'>dies.</span> 
     </span>
     <span class='ocr_line' id='line_1_18' title="bbox 173 1701 1045 1800; baseline -0.003 -36"><span class='ocrx_word' id='word_1_111' title='bbox 173 1703 239 1764; x_wconf 91' lang='lat' dir='ltr'>Non</span> <span class='ocrx_word' id='word_1_112' title='bbox 264 1720 340 1784; x_wconf 90' lang='lat' dir='ltr'>sum,</span> <span class='ocrx_word' id='word_1_113' title='bbox 362 1704 413 1781; x_wconf 87' lang='lat' dir='ltr'>qui</span> <span class='ocrx_word' id='word_1_114' title='bbox 436 1701 559 1771; x_wconf 82' lang='lat' dir='ltr'>ineram,</span> <span class='ocrx_word' id='word_1_115' title='bbox 583 1702 674 1781; x_wconf 92' lang='lat' dir='ltr'>periit</span> <span class='ocrx_word' id='word_1_116' title='bbox 695 1719 765 1781; x_wconf 86' lang='lat' dir='ltr'>pars</span> <span class='ocrx_word' id='word_1_117' title='bbox 789 1703 916 1762; x_wconf 71' lang='lat' dir='ltr'>mamma</span> <span class='ocrx_word' id='word_1_118' title='bbox 940 1702 1045 1800; x_wconf 83' lang='lat' dir='ltr'>nostri,</span> 
     </span>
     <span class='ocr_line' id='line_1_19' title="bbox 219 1782 872 1864; baseline 0 -18"><span class='ocrx_word' id='word_1_119' title='bbox 219 1785 373 1846; x_wconf 80' lang='lat' dir='ltr'>Curriculo</span> <span class='ocrx_word' id='word_1_120' title='bbox 394 1782 495 1864; x_wconf 81' lang='lat' dir='ltr'>granis</span> <span class='ocrx_word' id='word_1_121' title='bbox 516 1794 562 1845; x_wconf 87' lang='lat' dir='ltr'>est</span> <span class='ocrx_word' id='word_1_122' title='bbox 584 1788 661 1847; x_wconf 84' lang='lat' dir='ltr'>iacta</span> <span class='ocrx_word' id='word_1_123' title='bbox 684 1787 771 1846; x_wconf 88' lang='lat' dir='ltr'>ruina</span> <span class='ocrx_word' id='word_1_124' title='bbox 794 1803 872 1846; x_wconf 87' lang='lat' dir='ltr'>meo.</span> 
     </span>
     <span class='ocr_line' id='line_1_20' title="bbox 175 1867 1216 1970; baseline -0.003 -39"><span class='ocrx_word' id='word_1_125' title='bbox 175 1869 348 1931; x_wconf 87' lang='lat' dir='ltr'>Contudit</span> <span class='ocrx_word' id='word_1_126' title='bbox 339 1873 493 1947; x_wconf 81' lang='lat' dir='ltr'>ingenium</span> <span class='ocrx_word' id='word_1_127' title='bbox 515 1870 657 1948; x_wconf 86' lang='lat' dir='ltr'>patientia</span> <span class='ocrx_word' id='word_1_128' title='bbox 680 1869 768 1970; x_wconf 79' lang='lat' dir='ltr'>longa</span> <span class='ocrx_word' id='word_1_129' title='bbox 790 1867 947 1936; x_wconf 85' lang='lat' dir='ltr'>maiorum</span> <span class='ocrx_word' id='word_1_130' title='bbox 1092 1879 1152 1928; x_wconf 80' lang='grc'>695</span> <span class='ocrx_word' id='word_1_131' title='bbox 1209 1886 1216 1900; x_wconf 78' lang='grc'>’</span> 
     </span>
     <span class='ocr_line' id='line_1_21' title="bbox 218 1953 839 2034; baseline -0.002 -20"><span class='ocrx_word' id='word_1_132' title='bbox 218 1954 254 2014; x_wconf 88' lang='lat' dir='ltr'>Et</span> <span class='ocrx_word' id='word_1_133' title='bbox 275 1971 346 2033; x_wconf 87' lang='lat' dir='ltr'>pars</span> <span class='ocrx_word' id='word_1_134' title='bbox 368 1957 483 2034; x_wconf 86' lang='lat' dir='ltr'>antiqui</span> <span class='ocrx_word' id='word_1_135' title='bbox 506 1953 586 2014; x_wconf 88' lang='lat' dir='ltr'>uuila</span> <span class='ocrx_word' id='word_1_136' title='bbox 609 1957 723 2031; x_wconf 79' lang='lat' dir='ltr'>vigoris</span> <span class='ocrx_word' id='word_1_137' title='bbox 746 1954 839 2023; x_wconf 84' lang='lat' dir='ltr'>adest,</span> 
     </span>
     <span class='ocr_line' id='line_1_22' title="bbox 174 2038 945 2116; baseline -0.003 -18"><span class='ocrx_word' id='word_1_138' title='bbox 174 2039 306 2098; x_wconf 90' lang='lat' dir='ltr'>Vertitur</span> <span class='ocrx_word' id='word_1_139' title='bbox 327 2039 357 2097; x_wconf 92' lang='lat' dir='ltr'>in</span> <span class='ocrx_word' id='word_1_140' title='bbox 380 2039 491 2098; x_wconf 91' lang='lat' dir='ltr'>cariem</span> <span class='ocrx_word' id='word_1_141' title='bbox 514 2039 615 2108; x_wconf 85' lang='lat' dir='ltr'>iacies,</span> <span class='ocrx_word' id='word_1_142' title='bbox 640 2040 786 2116; x_wconf 85' lang='lat' dir='ltr'>rimisque</span> <span class='ocrx_word' id='word_1_143' title='bbox 808 2038 945 2105; x_wconf 89' lang='lat' dir='ltr'>dehiscit,</span> 
     </span>
     <span class='ocr_line' id='line_1_23' title="bbox 218 2121 893 2202; baseline -0.003 -20"><span class='ocrx_word' id='word_1_144' title='bbox 218 2122 250 2182; x_wconf 93' lang='lat' dir='ltr'>Si</span> <span class='ocrx_word' id='word_1_145' title='bbox 273 2140 331 2202; x_wconf 91' lang='lat' dir='ltr'>qua</span> <span class='ocrx_word' id='word_1_146' title='bbox 354 2121 403 2182; x_wconf 89' lang='lat' dir='ltr'>diu</span> <span class='ocrx_word' id='word_1_147' title='bbox 425 2122 523 2183; x_wconf 83' lang='lat' dir='ltr'>solitis</span> <span class='ocrx_word' id='word_1_148' title='bbox 545 2121 641 2182; x_wconf 87' lang='lat' dir='ltr'>cimba</span> <span class='ocrx_word' id='word_1_149' title='bbox 666 2125 777 2182; x_wconf 81' lang='lat' dir='ltr'>natavit</span> <span class='ocrx_word' id='word_1_150' title='bbox 799 2122 893 2198; x_wconf 81' lang='lat' dir='ltr'>aquis.</span> 
     </span>
     <span class='ocr_line' id='line_1_24' title="bbox 175 2204 1036 2285; baseline -0.001 -19"><span class='ocrx_word' id='word_1_151' title='bbox 175 2204 245 2266; x_wconf 82' lang='lat' dir='ltr'>Plus</span> <span class='ocrx_word' id='word_1_152' title='bbox 268 2224 355 2285; x_wconf 90' lang='lat' dir='ltr'>quam</span> <span class='ocrx_word' id='word_1_153' title='bbox 378 2223 464 2284; x_wconf 90' lang='lat' dir='ltr'>posse</span> <span class='ocrx_word' id='word_1_154' title='bbox 485 2224 584 2266; x_wconf 91' lang='lat' dir='ltr'>meum</span> <span class='ocrx_word' id='word_1_155' title='bbox 608 2206 711 2284; x_wconf 82' lang='lat' dir='ltr'>possit,</span> <span class='ocrx_word' id='word_1_156' title='bbox 734 2223 782 2266; x_wconf 89' lang='lat' dir='ltr'>me</span> <span class='ocrx_word' id='word_1_157' title='bbox 805 2224 894 2285; x_wconf 87' lang='lat' dir='ltr'>posse</span> <span class='ocrx_word' id='word_1_158' title='bbox 917 2207 1036 2284; x_wconf 81' lang='lat' dir='ltr'>putatis,</span> 
     </span>
     <span class='ocr_line' id='line_1_25' title="bbox 218 2289 1150 2371; baseline -0.002 -21"><span class='ocrx_word' id='word_1_159' title='bbox 218 2289 277 2351; x_wconf 85' lang='lat' dir='ltr'>Sed</span> <span class='ocrx_word' id='word_1_160' title='bbox 299 2308 375 2359; x_wconf 88' lang='lat' dir='ltr'>sum,</span> <span class='ocrx_word' id='word_1_161' title='bbox 400 2308 489 2371; x_wconf 85' lang='lat' dir='ltr'>quam</span> <span class='ocrx_word' id='word_1_162' title='bbox 512 2290 605 2360; x_wconf 86' lang='lat' dir='ltr'>vobis,</span> <span class='ocrx_word' id='word_1_163' title='bbox 628 2292 727 2351; x_wconf 89' lang='lat' dir='ltr'>notior</span> <span class='ocrx_word' id='word_1_164' title='bbox 749 2292 813 2368; x_wconf 87' lang='lat' dir='ltr'>ipse</span> <span class='ocrx_word' id='word_1_165' title='bbox 835 2290 918 2350; x_wconf 86' lang='lat' dir='ltr'>mihi.</span> <span class='ocrx_word' id='word_1_166' title='bbox 1092 2295 1150 2349; x_wconf 77' lang='lat'>700</span> 
     </span>
    </p>
   </div>
   <div class='ocr_carea' id='block_1_3' title="bbox 171 2540 1148 3542">
    <p class='ocr_par' dir='ltr' id='par_1_3' title="bbox 171 2540 1148 3542">
     <span class='ocr_line' id='line_1_26' title="bbox 241 2540 1148 2606; baseline -0.001 -13"><span class='ocrx_word' id='word_1_167' title='bbox 241 2544 299 2597; x_wconf 75' lang='grc'>627.</span> <span class='ocrx_word' id='word_1_168' title='bbox 327 2542 413 2593; x_wconf 84' lang='lat' dir='ltr'>schol.</span> <span class='ocrx_word' id='word_1_169' title='bbox 431 2542 498 2606; x_wconf 87' lang='lat' dir='ltr'>quid</span> <span class='ocrx_word' id='word_1_170' title='bbox 515 2541 610 2597; x_wconf 80' lang='lat' dir='ltr'>vultis,</span> <span class='ocrx_word' id='word_1_171' title='bbox 680 2540 844 2592; x_wconf 64' lang='grc'>67886601,</span> <span class='ocrx_word' id='word_1_172' title='bbox 864 2540 943 2595; x_wconf 75' lang='lat' dir='ltr'>facit.</span> <span class='ocrx_word' id='word_1_173' title='bbox 1021 2541 1082 2592; x_wconf 83' lang='grc'>686.</span> <span class='ocrx_word' id='word_1_174' title='bbox 1100 2542 1148 2592; x_wconf 88' lang='grc'>86.</span> 
     </span>
     <span class='ocr_line' id='line_1_27' title="bbox 173 2606 579 2672; baseline 0.002 -15"><span class='ocrx_word' id='word_1_175' title='bbox 173 2606 254 2658; x_wconf 84' lang='lat' dir='ltr'>Ovid.</span> <span class='ocrx_word' id='word_1_176' title='bbox 273 2609 357 2659; x_wconf 84' lang='lat' dir='ltr'>Triet.</span> <span class='ocrx_word' id='word_1_177' title='bbox 375 2610 426 2671; x_wconf 88' lang='lat'><strong>111,</strong></span> <span class='ocrx_word' id='word_1_178' title='bbox 445 2611 470 2672; x_wconf 82' lang='lat' dir='ltr'>V,</span> <span class='ocrx_word' id='word_1_179' title='bbox 484 2610 525 2660; x_wconf 85' lang='grc'>86.</span> <span class='ocrx_word' id='word_1_180' title='bbox 537 2609 579 2658; x_wconf 80' lang='lat' dir='ltr'>to.</span> 
     </span>
     <span class='ocr_line' id='line_1_28' title="bbox 275 2674 1002 2741; baseline 0 -16"><span class='ocrx_word' id='word_1_181' title='bbox 275 2674 443 2741; x_wconf 88' lang='lat' dir='ltr'>Iujicietque</span> <span class='ocrx_word' id='word_1_182' title='bbox 461 2691 570 2726; x_wconf 81' lang='lat' dir='ltr'>menum</span> <span class='ocrx_word' id='word_1_183' title='bbox 589 2674 693 2725; x_wconf 81' lang='lat' dir='ltr'>formae</span> <span class='ocrx_word' id='word_1_184' title='bbox 711 2675 843 2725; x_wconf 81' lang='lat' dir='ltr'>damnosa</span> <span class='ocrx_word' id='word_1_185' title='bbox 862 2679 1002 2736; x_wconf 83' lang='lat' dir='ltr'>senectus,</span> 
     </span>
     <span class='ocr_line' id='line_1_29' title="bbox 309 2742 977 2808; baseline 0.003 -16"><span class='ocrx_word' id='word_1_186' title='bbox 309 2743 387 2805; x_wconf 80' lang='lat' dir='ltr'>Quae</span> <span class='ocrx_word' id='word_1_187' title='bbox 405 2744 552 2808; x_wconf 86' lang='lat' dir='ltr'>strepitum</span> <span class='ocrx_word' id='word_1_188' title='bbox 570 2756 656 2807; x_wconf 83' lang='lat' dir='ltr'>passu</span> <span class='ocrx_word' id='word_1_189' title='bbox 673 2758 728 2793; x_wconf 90' lang='lat' dir='ltr'>non</span> <span class='ocrx_word' id='word_1_190' title='bbox 745 2742 871 2792; x_wconf 82' lang='lat' dir='ltr'>faciente</span> <span class='ocrx_word' id='word_1_191' title='bbox 889 2743 977 2794; x_wconf 81' lang='lat' dir='ltr'>venit.</span> 
     </span>
     <span class='ocr_line' id='line_1_30' title="bbox 172 2809 1145 2872; baseline -0.001 -12"><span class='ocrx_word' id='word_1_192' title='bbox 172 2810 300 2860; x_wconf 82' lang='grc'>687-80.</span> <span class='ocrx_word' id='word_1_193' title='bbox 319 2809 402 2864; x_wconf 84' lang='lat' dir='ltr'>ovid.</span> <span class='ocrx_word' id='word_1_194' title='bbox 420 2810 505 2860; x_wconf 73' lang='lat' dir='ltr'>&#39;l&#39;rish</span> <span class='ocrx_word' id='word_1_195' title='bbox 524 2810 572 2872; x_wconf 88' lang='lat' dir='ltr'>IV,</span> <span class='ocrx_word' id='word_1_196' title='bbox 591 2813 616 2869; x_wconf 87' lang='lat'>8,</span> <span class='ocrx_word' id='word_1_197' title='bbox 635 2812 710 2871; x_wconf 85' lang='lat'><strong>1-4,</strong></span> <span class='ocrx_word' id='word_1_198' title='bbox 732 2809 781 2859; x_wconf 89' lang='lat' dir='ltr'>ubi</span> <span class='ocrx_word' id='word_1_199' title='bbox 801 2815 893 2859; x_wconf 82' lang='lat' dir='ltr'>tamen</span> <span class='ocrx_word' id='word_1_200' title='bbox 911 2823 982 2859; x_wconf 82' lang='lat' dir='ltr'>vers.</span> <span class='ocrx_word' id='word_1_201' title='bbox 998 2812 1017 2859; x_wconf 88' lang='grc'>4</span> <span class='ocrx_word' id='word_1_202' title='bbox 1034 2809 1145 2860; x_wconf 86' lang='lat' dir='ltr'>desiuit</span> 
     </span>
     <span class='ocr_line' id='line_1_31' title="bbox 172 2876 937 2941; baseline 0.001 -15"><span class='ocrx_word' id='word_1_203' title='bbox 172 2876 215 2927; x_wconf 86' lang='lat' dir='ltr'>in:</span> <span class='ocrx_word' id='word_1_204' title='bbox 235 2891 321 2941; x_wconf 77' lang='lat' dir='ltr'>grave</span> <span class='ocrx_word' id='word_1_205' title='bbox 341 2882 391 2928; x_wconf 85' lang='lat' dir='ltr'>est.</span> <span class='ocrx_word' id='word_1_206' title='bbox 462 2878 520 2927; x_wconf 83' lang='grc'>681.</span> <span class='ocrx_word' id='word_1_207' title='bbox 539 2878 579 2933; x_wconf 81' lang='grc'>92.</span> <span class='ocrx_word' id='word_1_208' title='bbox 603 2876 681 2941; x_wconf 59' lang='lat' dir='ltr'>Vim,</span> <span class='ocrx_word' id='word_1_209' title='bbox 699 2876 759 2927; x_wconf 83' lang='lat' dir='ltr'>Eoi.</span> <span class='ocrx_word' id='word_1_210' title='bbox 777 2876 828 2940; x_wconf 84' lang='lat' dir='ltr'>IX,</span> <span class='ocrx_word' id='word_1_211' title='bbox 845 2880 886 2928; x_wconf 83' lang='grc'>62.</span> <span class='ocrx_word' id='word_1_212' title='bbox 904 2880 937 2927; x_wconf 83' lang='grc'>68</span> 
     </span>
     <span class='ocr_line' id='line_1_32' title="bbox 275 2942 1122 3010; baseline 0.001 -17"><span class='ocrx_word' id='word_1_213' title='bbox 275 2942 377 2994; x_wconf 85' lang='lat' dir='ltr'>Omnia</span> <span class='ocrx_word' id='word_1_214' title='bbox 394 2944 451 2996; x_wconf 79' lang='lat' dir='ltr'>fert</span> <span class='ocrx_word' id='word_1_215' title='bbox 467 2949 554 3006; x_wconf 82' lang='lat' dir='ltr'>aetas,</span> <span class='ocrx_word' id='word_1_216' title='bbox 573 2945 694 2994; x_wconf 82' lang='lat' dir='ltr'>animum</span> <span class='ocrx_word' id='word_1_217' title='bbox 713 2959 830 3010; x_wconf 88' lang='lat' dir='ltr'>quoque,</span> <span class='ocrx_word' id='word_1_218' title='bbox 849 2958 932 3009; x_wconf 79' lang='lat' dir='ltr'>saepe</span> <span class='ocrx_word' id='word_1_219' title='bbox 951 2957 1002 3008; x_wconf 73' lang='lat' dir='ltr'>ego</span> <span class='ocrx_word' id='word_1_220' title='bbox 1020 2943 1122 3010; x_wconf 74' lang='lat' dir='ltr'>longos</span> 
     </span>
     <span class='ocr_line' id='line_1_33' title="bbox 276 3010 984 3077; baseline 0 -16"><span class='ocrx_word' id='word_1_221' title='bbox 276 3010 421 3064; x_wconf 72' lang='lat' dir='ltr'>Cantando</span> <span class='ocrx_word' id='word_1_222' title='bbox 439 3027 553 3077; x_wconf 87' lang='lat' dir='ltr'>puerum</span> <span class='ocrx_word' id='word_1_223' title='bbox 571 3012 684 3061; x_wconf 89' lang='lat' dir='ltr'>memini</span> <span class='ocrx_word' id='word_1_224' title='bbox 701 3027 744 3060; x_wconf 91' lang='lat' dir='ltr'>me</span> <span class='ocrx_word' id='word_1_225' title='bbox 763 3011 881 3062; x_wconf 88' lang='lat' dir='ltr'>condere</span> <span class='ocrx_word' id='word_1_226' title='bbox 900 3011 984 3061; x_wconf 85' lang='lat' dir='ltr'>soles.</span> 
     </span>
     <span class='ocr_line' id='line_1_34' title="bbox 172 3076 1147 3199; baseline 0 -71"><span class='ocrx_word' id='word_1_227' title='bbox 172 3079 231 3129; x_wconf 79' lang='grc'>683.</span> <span class='ocrx_word' id='word_1_228' title='bbox 250 3076 480 3199; x_wconf 35' lang='lat' dir='ltr'>&amp;Maximinuml</span> <span class='ocrx_word' id='word_1_229' title='bbox 497 3082 523 3131; x_wconf 87' lang='grc'>6</span> <span class='ocrx_word' id='word_1_230' title='bbox 592 3079 651 3129; x_wconf 81' lang='grc'>684</span> <span class='ocrx_word' id='word_1_231' title='bbox 671 3078 752 3129; x_wconf 84' lang='lat' dir='ltr'>ovid.</span> <span class='ocrx_word' id='word_1_232' title='bbox 764 3078 909 3142; x_wconf 80' lang='lat' dir='ltr'>Trist1V‚</span> <span class='ocrx_word' id='word_1_233' title='bbox 926 3080 952 3137; x_wconf 87' lang='grc'>8,</span> <span class='ocrx_word' id='word_1_234' title='bbox 971 3079 1012 3132; x_wconf 81' lang='grc'>36.</span> <span class='ocrx_word' id='word_1_235' title='bbox 1084 3079 1147 3129; x_wconf 82' lang='grc'>696.</span> 
     </span>
     <span class='ocr_line' id='line_1_35' title="bbox 172 3147 660 3212; baseline -0.002 -15"><span class='ocrx_word' id='word_1_236' title='bbox 172 3147 231 3201; x_wconf 82' lang='grc'>686.</span> <span class='ocrx_word' id='word_1_237' title='bbox 276 3147 322 3197; x_wconf 84' lang='lat' dir='ltr'>vid</span> <span class='ocrx_word' id='word_1_238' title='bbox 350 3147 435 3203; x_wconf 83' lang='lat' dir='ltr'>Trist.</span> <span class='ocrx_word' id='word_1_239' title='bbox 453 3148 487 3209; x_wconf 88' lang='lat' dir='ltr'>V,</span> <span class='ocrx_word' id='word_1_240' title='bbox 507 3149 548 3212; x_wconf 88' lang='grc'>12,</span> <span class='ocrx_word' id='word_1_241' title='bbox 568 3148 609 3198; x_wconf 84' lang='grc'>81.</span> <span class='ocrx_word' id='word_1_242' title='bbox 627 3148 660 3197; x_wconf 85' lang='grc'>82</span> 
     </span>
     <span class='ocr_line' id='line_1_36' title="bbox 275 3211 982 3294; baseline 0 -29"><span class='ocrx_word' id='word_1_243' title='bbox 275 3214 433 3266; x_wconf 86' lang='lat' dir='ltr'>Contudit</span> <span class='ocrx_word' id='word_1_244' title='bbox 424 3216 567 3294; x_wconf 77' lang='lat' dir='ltr'>ingenium</span> <span class='ocrx_word' id='word_1_245' title='bbox 585 3213 723 3278; x_wconf 76' lang='lat' dir='ltr'>patientia</span> <span class='ocrx_word' id='word_1_246' title='bbox 741 3211 826 3278; x_wconf 80' lang='lat' dir='ltr'>longa</span> <span class='ocrx_word' id='word_1_247' title='bbox 843 3212 982 3265; x_wconf 83' lang='lat' dir='ltr'>laborum:</span> 
     </span>
     <span class='ocr_line' id='line_1_37' title="bbox 308 3280 903 3346; baseline -0.002 -15"><span class='ocrx_word' id='word_1_248' title='bbox 308 3283 346 3331; x_wconf 78' lang='lat' dir='ltr'>ut</span> <span class='ocrx_word' id='word_1_249' title='bbox 362 3296 428 3346; x_wconf 82' lang='lat' dir='ltr'>pars</span> <span class='ocrx_word' id='word_1_250' title='bbox 446 3280 555 3345; x_wconf 75' lang='lat' dir='ltr'>antiqui</span> <span class='ocrx_word' id='word_1_251' title='bbox 573 3295 675 3343; x_wconf 82' lang='lat' dir='ltr'>magna</span> <span class='ocrx_word' id='word_1_252' title='bbox 690 3281 796 3346; x_wconf 75' lang='lat' dir='ltr'>vigoris</span> <span class='ocrx_word' id='word_1_253' title='bbox 815 3281 903 3332; x_wconf 80' lang='lat' dir='ltr'>abest.</span> 
     </span>
     <span class='ocr_line' id='line_1_38' title="bbox 171 3346 720 3407; baseline -0.002 -10"><span class='ocrx_word' id='word_1_254' title='bbox 171 3350 231 3402; x_wconf 78' lang='grc'>687.</span> <span class='ocrx_word' id='word_1_255' title='bbox 249 3350 290 3398; x_wconf 81' lang='grc'>88.</span> <span class='ocrx_word' id='word_1_256' title='bbox 311 3348 392 3400; x_wconf 86' lang='lat' dir='ltr'>Ovid</span> <span class='ocrx_word' id='word_1_257' title='bbox 411 3347 495 3395; x_wconf 86' lang='lat' dir='ltr'>Trist.</span> <span class='ocrx_word' id='word_1_258' title='bbox 514 3346 546 3407; x_wconf 90' lang='lat' dir='ltr'>V,</span> <span class='ocrx_word' id='word_1_259' title='bbox 566 3348 608 3407; x_wconf 89' lang='grc'>12,</span> <span class='ocrx_word' id='word_1_260' title='bbox 626 3347 668 3395; x_wconf 80' lang='grc'>27.</span> <span class='ocrx_word' id='word_1_261' title='bbox 687 3347 720 3397; x_wconf 87' lang='grc'>28</span> 
     </span>
     <span class='ocr_line' id='line_1_39' title="bbox 275 3411 1018 3476; baseline 0.003 -13"><span class='ocrx_word' id='word_1_262' title='bbox 275 3413 401 3463; x_wconf 86' lang='lat' dir='ltr'>Vertitur</span> <span class='ocrx_word' id='word_1_263' title='bbox 417 3411 447 3460; x_wconf 91' lang='lat' dir='ltr'>in</span> <span class='ocrx_word' id='word_1_264' title='bbox 464 3417 588 3461; x_wconf 83' lang='lat' dir='ltr'>teneram</span> <span class='ocrx_word' id='word_1_265' title='bbox 607 3411 719 3472; x_wconf 79' lang='lat' dir='ltr'>cariem,</span> <span class='ocrx_word' id='word_1_266' title='bbox 737 3411 869 3475; x_wconf 86' lang='lat' dir='ltr'>rimisque</span> <span class='ocrx_word' id='word_1_267' title='bbox 889 3411 1018 3476; x_wconf 78' lang='lat' dir='ltr'>dehiscit,</span> 
     </span>
     <span class='ocr_line' id='line_1_40' title="bbox 310 3476 936 3542; baseline 0.006 -15"><span class='ocrx_word' id='word_1_268' title='bbox 310 3478 339 3528; x_wconf 81' lang='lat' dir='ltr'>si</span> <span class='ocrx_word' id='word_1_269' title='bbox 358 3491 411 3540; x_wconf 82' lang='lat' dir='ltr'>quc</span> <span class='ocrx_word' id='word_1_270' title='bbox 430 3476 477 3525; x_wconf 90' lang='lat' dir='ltr'>diu</span> <span class='ocrx_word' id='word_1_271' title='bbox 495 3476 587 3527; x_wconf 84' lang='lat' dir='ltr'>solitis</span> <span class='ocrx_word' id='word_1_272' title='bbox 606 3478 704 3538; x_wconf 82' lang='lat' dir='ltr'>cymba</span> <span class='ocrx_word' id='word_1_273' title='bbox 721 3479 830 3527; x_wconf 83' lang='lat' dir='ltr'>vacarit</span> <span class='ocrx_word' id='word_1_274' title='bbox 848 3479 936 3542; x_wconf 75' lang='lat' dir='ltr'>aquis.</span> 
     </span>
    </p>
   </div>
   <div class='ocr_carea' id='block_1_4' title="bbox 0 0 1260 3917">
    <p class='ocr_par' dir='ltr' id='par_1_4' title="bbox 0 0 1260 3917">
     <span class='ocr_line' id='line_1_41' title="bbox 0 0 1260 3917; baseline 0 1"><span class='ocrx_word' id='word_1_275' title='bbox 0 0 1260 3917; x_wconf 95' lang='lat' dir='ltr'> </span> 
     </span>
    </p>
   </div>
  </div>
 </body>
</html>
