<?xml version="1.0" encoding="UTF-8"?>
<!DOCTYPE html PUBLIC "-//W3C//DTD XHTML 1.0 Transitional//EN"
    "http://www.w3.org/TR/xhtml1/DTD/xhtml1-transitional.dtd">
<html xmlns="http://www.w3.org/1999/xhtml" xml:lang="en" lang="en">
 <head>
  <title>
</title>
<meta http-equiv="Content-Type" content="text/html;charset=utf-8" />
  <meta name='ocr-system' content='tesseract 3.04.00' />
  <meta name='ocr-capabilities' content='ocr_page ocr_carea ocr_par ocr_line ocrx_word'/>
</head>
<body>
  <div class='ocr_page' id='page_1' title='image "./troilus00albegoog_0079.png"; bbox 0 0 2509 3917; ppageno 0'>
   <div class='ocr_carea' id='block_1_1' title="bbox 410 212 735 262">
    <p class='ocr_par' dir='ltr' id='par_1_1' title="bbox 410 212 735 262">
     <span class='ocr_line' id='line_1_1' title="bbox 410 212 735 262; baseline 0 -1"><span class='ocrx_word' id='word_1_1' title='bbox 410 213 471 262; x_wconf 85' lang='lat' dir='ltr'>Lib.</span> <span class='ocrx_word' id='word_1_2' title='bbox 491 212 511 261; x_wconf 87' lang='grc' dir='ltr'><strong>Ι.</strong></span> <span class='ocrx_word' id='word_1_3' title='bbox 548 226 574 262; x_wconf 87' lang='lat' dir='ltr'><strong>v.</strong></span> <span class='ocrx_word' id='word_1_4' title='bbox 593 213 735 262; x_wconf 74' lang='lat' dir='ltr'><strong>‘too—rar.</strong></span> 
     </span>
    </p>
   </div>
   <div class='ocr_carea' id='block_1_2' title="bbox 291 390 857 451">
    <p class='ocr_par' dir='ltr' id='par_1_2' title="bbox 291 390 857 451">
     <span class='ocr_line' id='line_1_2' title="bbox 291 390 857 451; baseline 0.002 -6"><span class='ocrx_word' id='word_1_5' title='bbox 291 392 352 447; x_wconf 80' lang='lat' dir='ltr'><strong>HIC</strong></span> <span class='ocrx_word' id='word_1_6' title='bbox 370 391 477 446; x_wconf 78' lang='lat' dir='ltr'><strong>Paals</strong></span> <span class='ocrx_word' id='word_1_7' title='bbox 496 391 656 451; x_wconf 79' lang='lat' dir='ltr'><strong>DEDUCIT</strong></span> <span class='ocrx_word' id='word_1_8' title='bbox 672 390 857 446; x_wconf 78' lang='lat' dir='ltr'><strong>HELENAM.</strong></span> 
     </span>
    </p>
   </div>
   <div class='ocr_carea' id='block_1_3' title="bbox 82 496 1057 2175">
    <p class='ocr_par' dir='ltr' id='par_1_3' title="bbox 82 496 1057 2175">
     <span class='ocr_line' id='line_1_3' title="bbox 87 496 827 566; baseline -0.007 -5"><span class='ocrx_word' id='word_1_9' title='bbox 87 499 228 561; x_wconf 78' lang='lat' dir='ltr'>Solverat</span> <span class='ocrx_word' id='word_1_10' title='bbox 249 496 373 559; x_wconf 86' lang='lat' dir='ltr'><strong>Oebalio</strong></span> <span class='ocrx_word' id='word_1_11' title='bbox 396 498 520 558; x_wconf 82' lang='lat' dir='ltr'><strong>classem</strong></span> <span class='ocrx_word' id='word_1_12' title='bbox 544 496 581 557; x_wconf 93' lang='lat' dir='ltr'><strong>de</strong></span> <span class='ocrx_word' id='word_1_13' title='bbox 604 496 705 558; x_wconf 91' lang='lat' dir='ltr'><strong>littore</strong></span> <span class='ocrx_word' id='word_1_14' title='bbox 726 497 827 566; x_wconf 84' lang='lat' dir='ltr'><strong>vietor,</strong></span> 
     </span>
     <span class='ocr_line' id='line_1_4' title="bbox 134 580 822 658; baseline -0.004 -14"><span class='ocrx_word' id='word_1_15' title='bbox 134 583 303 644; x_wconf 83' lang='lat' dir='ltr'><strong>Deveniunt</strong></span> <span class='ocrx_word' id='word_1_16' title='bbox 323 583 474 652; x_wconf 82' lang='lat' dir='ltr'><strong>Tenedon,</strong></span> <span class='ocrx_word' id='word_1_17' title='bbox 496 580 567 641; x_wconf 87' lang='lat' dir='ltr'><strong>inde</strong></span> <span class='ocrx_word' id='word_1_18' title='bbox 590 583 691 658; x_wconf 90' lang='lat' dir='ltr'><strong>quiete</strong></span> <span class='ocrx_word' id='word_1_19' title='bbox 713 582 822 641; x_wconf 85' lang='lat' dir='ltr'><strong>levent.</strong></span> 
     </span>
     <span class='ocr_line' id='line_1_5' title="bbox 87 664 786 730; baseline 0.003 -2"><span class='ocrx_word' id='word_1_20' title='bbox 87 668 135 728; x_wconf 82' lang='lat' dir='ltr'><strong>Ex</strong></span> <span class='ocrx_word' id='word_1_21' title='bbox 157 667 244 727; x_wconf 80' lang='lat' dir='ltr'><strong>siccis</strong></span> <span class='ocrx_word' id='word_1_22' title='bbox 267 667 362 727; x_wconf 90' lang='lat' dir='ltr'><strong>oculis</strong></span> <span class='ocrx_word' id='word_1_23' title='bbox 385 667 474 726; x_wconf 80' lang='lat' dir='ltr'><strong>traxit</strong></span> <span class='ocrx_word' id='word_1_24' title='bbox 494 664 598 726; x_wconf 80' lang='lat' dir='ltr'>Medea</span> <span class='ocrx_word' id='word_1_25' title='bbox 620 665 786 730; x_wconf 82' lang='lat' dir='ltr'><strong>madorem:</strong></span> 
     </span>
     <span class='ocr_line' id='line_1_6' title="bbox 133 749 781 813; baseline -0.003 -1"><span class='ocrx_word' id='word_1_26' title='bbox 133 751 229 813; x_wconf 90' lang='lat' dir='ltr'><strong>Nullis</strong></span> <span class='ocrx_word' id='word_1_27' title='bbox 251 751 304 810; x_wconf 86' lang='lat' dir='ltr'><strong>flet</strong></span> <span class='ocrx_word' id='word_1_28' title='bbox 325 751 456 810; x_wconf 81' lang='lat' dir='ltr'><strong>lacrimis</strong></span> <span class='ocrx_word' id='word_1_29' title='bbox 478 749 569 809; x_wconf 86' lang='lat' dir='ltr'><strong>oblita</strong></span> <span class='ocrx_word' id='word_1_30' title='bbox 592 759 675 809; x_wconf 81' lang='lat' dir='ltr'><strong>reste</strong></span> <span class='ocrx_word' id='word_1_31' title='bbox 698 750 781 810; x_wconf 86' lang='lat' dir='ltr'><strong>nivis.</strong></span> 
     </span>
     <span class='ocr_line' id='line_1_7' title="bbox 88 834 1057 911; baseline -0.004 -14"><span class='ocrx_word' id='word_1_32' title='bbox 88 836 156 897; x_wconf 89' lang='lat' dir='ltr'><strong>Non</strong></span> <span class='ocrx_word' id='word_1_33' title='bbox 179 835 265 895; x_wconf 89' lang='lat' dir='ltr'><strong>aliter</strong></span> <span class='ocrx_word' id='word_1_34' title='bbox 288 835 442 895; x_wconf 77' lang='lat' dir='ltr'><strong>manifesta</strong></span> <span class='ocrx_word' id='word_1_35' title='bbox 464 843 563 911; x_wconf 91' lang='lat' dir='ltr'><strong>potest</strong></span> <span class='ocrx_word' id='word_1_36' title='bbox 585 834 770 894; x_wconf 85' lang='lat' dir='ltr'><strong>abscondere</strong></span> <span class='ocrx_word' id='word_1_37' title='bbox 792 836 901 895; x_wconf 89' lang='lat' dir='ltr'><strong>mentis</strong></span> <span class='ocrx_word' id='word_1_38' title='bbox 1007 844 1057 894; x_wconf 77' lang='lat'><strong>710</strong></span> 
     </span>
     <span class='ocr_line' id='line_1_8' title="bbox 133 918 839 998; baseline -0.003 -18"><span class='ocrx_word' id='word_1_39' title='bbox 133 918 247 980; x_wconf 90' lang='lat' dir='ltr'><strong>Gaudia</strong></span> <span class='ocrx_word' id='word_1_40' title='bbox 270 938 360 998; x_wconf 89' lang='lat' dir='ltr'><strong>quam</strong></span> <span class='ocrx_word' id='word_1_41' title='bbox 382 919 512 979; x_wconf 80' lang='lat' dir='ltr'><strong>lacrimis</strong></span> <span class='ocrx_word' id='word_1_42' title='bbox 533 919 643 979; x_wconf 91' lang='lat' dir='ltr'><strong>lemiua</strong></span> <span class='ocrx_word' id='word_1_43' title='bbox 667 919 735 977; x_wconf 87' lang='lat' dir='ltr'><strong>trita</strong></span> <span class='ocrx_word' id='word_1_44' title='bbox 758 919 839 980; x_wconf 88' lang='lat' dir='ltr'><strong>satis.</strong></span> 
     </span>
     <span class='ocr_line' id='line_1_9' title="bbox 86 1000 830 1065; baseline -0.003 -1"><span class='ocrx_word' id='word_1_45' title='bbox 86 1004 203 1065; x_wconf 91' lang='lat' dir='ltr'><strong>Blanda</strong></span> <span class='ocrx_word' id='word_1_46' title='bbox 226 1021 299 1063; x_wconf 81' lang='lat' dir='ltr'><strong>voce</strong></span> <span class='ocrx_word' id='word_1_47' title='bbox 320 1001 404 1063; x_wconf 90' lang='lat' dir='ltr'><strong>Paris</strong></span> <span class='ocrx_word' id='word_1_48' title='bbox 427 1000 599 1063; x_wconf 80' lang='lat' dir='ltr'>demulcens</span> <span class='ocrx_word' id='word_1_49' title='bbox 621 1020 674 1061; x_wconf 85' lang='lat' dir='ltr'><strong>eor</strong></span> <span class='ocrx_word' id='word_1_50' title='bbox 696 1001 830 1063; x_wconf 89' lang='lat' dir='ltr'><strong>mulieris</strong></span> 
     </span>
     <span class='ocr_line' id='line_1_10' title="bbox 132 1085 829 1167; baseline -0.004 -19"><span class='ocrx_word' id='word_1_51' title='bbox 132 1089 205 1148; x_wconf 81' lang='lat' dir='ltr'><strong>Cras</strong></span> <span class='ocrx_word' id='word_1_52' title='bbox 227 1089 340 1147; x_wconf 89' lang='lat' dir='ltr'><strong>erimus</strong></span> <span class='ocrx_word' id='word_1_53' title='bbox 363 1085 465 1167; x_wconf 89' lang='lat' dir='ltr'><strong>plures</strong></span> <span class='ocrx_word' id='word_1_54' title='bbox 486 1088 598 1165; x_wconf 89' lang='lat' dir='ltr'><strong>inquit;</strong></span> <span class='ocrx_word' id='word_1_55' title='bbox 622 1095 652 1146; x_wconf 89' lang='lat' dir='ltr'><strong>at</strong></span> <span class='ocrx_word' id='word_1_56' title='bbox 673 1085 722 1145; x_wconf 93' lang='lat' dir='ltr'><strong>illa</strong></span> <span class='ocrx_word' id='word_1_57' title='bbox 745 1086 829 1147; x_wconf 81' lang='lat' dir='ltr'><strong>bibit.</strong></span> 
     </span>
     <span class='ocr_line' id='line_1_11' title="bbox 84 1170 854 1251; baseline -0.001 -20"><span class='ocrx_word' id='word_1_58' title='bbox 84 1171 222 1231; x_wconf 91' lang='lat' dir='ltr'><strong>lnsinuat</strong></span> <span class='ocrx_word' id='word_1_59' title='bbox 244 1172 321 1249; x_wconf 86' lang='lat' dir='ltr'><strong>patri</strong></span> <span class='ocrx_word' id='word_1_60' title='bbox 343 1171 414 1250; x_wconf 92' lang='lat' dir='ltr'><strong>quid</strong></span> <span class='ocrx_word' id='word_1_61' title='bbox 438 1171 542 1231; x_wconf 86' lang='lat' dir='ltr'><strong>iecerit</strong></span> <span class='ocrx_word' id='word_1_62' title='bbox 565 1181 594 1231; x_wconf 92' lang='lat' dir='ltr'><strong>et</strong></span> <span class='ocrx_word' id='word_1_63' title='bbox 616 1170 695 1250; x_wconf 85' lang='lat' dir='ltr'><strong>quod</strong></span> <span class='ocrx_word' id='word_1_64' title='bbox 720 1179 854 1251; x_wconf 85' lang='lat' dir='ltr'><strong>coeptam</strong></span> 
     </span>
     <span class='ocr_line' id='line_1_12' title="bbox 132 1254 1056 1335; baseline -0.004 -18"><span class='ocrx_word' id='word_1_65' title='bbox 132 1254 278 1317; x_wconf 86' lang='lat' dir='ltr'><strong>Clauserit</strong></span> <span class='ocrx_word' id='word_1_66' title='bbox 300 1265 397 1335; x_wconf 89' lang='lat' dir='ltr'><strong>optata</strong></span> <span class='ocrx_word' id='word_1_67' title='bbox 420 1256 617 1335; x_wconf 81' lang='lat' dir='ltr'><strong>prosperitate</strong></span> <span class='ocrx_word' id='word_1_68' title='bbox 642 1256 728 1314; x_wconf 85' lang='lat' dir='ltr'><strong>viam.</strong></span> <span class='ocrx_word' id='word_1_69' title='bbox 1007 1266 1056 1314; x_wconf 76' lang='lat'><strong>‘115</strong></span> 
     </span>
     <span class='ocr_line' id='line_1_13' title="bbox 84 1338 819 1419; baseline -0.001 -19"><span class='ocrx_word' id='word_1_70' title='bbox 84 1340 197 1400; x_wconf 82' lang='lat' dir='ltr'><strong>Statim</strong></span> <span class='ocrx_word' id='word_1_71' title='bbox 220 1340 353 1400; x_wconf 80' lang='lat' dir='ltr'><strong>defertur</strong></span> <span class='ocrx_word' id='word_1_72' title='bbox 375 1338 517 1408; x_wconf 82' lang='lat' dir='ltr'><strong>Menelao,</strong></span> <span class='ocrx_word' id='word_1_73' title='bbox 540 1338 620 1419; x_wconf 92' lang='lat' dir='ltr'><strong>quod</strong></span> <span class='ocrx_word' id='word_1_74' title='bbox 644 1339 722 1399; x_wconf 88' lang='lat' dir='ltr'><strong>loret</strong></span> <span class='ocrx_word' id='word_1_75' title='bbox 742 1355 819 1399; x_wconf 85' lang='lat' dir='ltr'><strong>uxor</strong></span> 
     </span>
     <span class='ocr_line' id='line_1_14' title="bbox 131 1422 870 1503; baseline -0.003 -19"><span class='ocrx_word' id='word_1_76' title='bbox 131 1424 165 1484; x_wconf 91' lang='lat' dir='ltr'><strong>ln</strong></span> <span class='ocrx_word' id='word_1_77' title='bbox 188 1422 346 1502; x_wconf 75' lang='lat' dir='ltr'><strong>Phrygiam</strong></span> <span class='ocrx_word' id='word_1_78' title='bbox 367 1422 495 1502; x_wconf 83' lang='lat' dir='ltr'><strong>Phrygia</strong></span> <span class='ocrx_word' id='word_1_79' title='bbox 517 1442 572 1503; x_wconf 91' lang='lat' dir='ltr'><strong>per</strong></span> <span class='ocrx_word' id='word_1_80' title='bbox 594 1441 676 1484; x_wconf 89' lang='lat' dir='ltr'><strong>mare</strong></span> <span class='ocrx_word' id='word_1_81' title='bbox 699 1431 781 1482; x_wconf 87' lang='lat' dir='ltr'><strong>vecta</strong></span> <span class='ocrx_word' id='word_1_82' title='bbox 804 1423 870 1482; x_wconf 88' lang='lat' dir='ltr'><strong>rati.</strong></span> 
     </span>
     <span class='ocr_line' id='line_1_15' title="bbox 84 1508 924 1586; baseline -0.002 -17"><span class='ocrx_word' id='word_1_83' title='bbox 84 1509 171 1580; x_wconf 82' lang='lat' dir='ltr'><strong>Quae</strong></span> <span class='ocrx_word' id='word_1_84' title='bbox 194 1508 325 1586; x_wconf 88' lang='lat' dir='ltr'><strong>qualisve</strong></span> <span class='ocrx_word' id='word_1_85' title='bbox 349 1510 412 1567; x_wconf 88' lang='lat' dir='ltr'><strong>viro</strong></span> <span class='ocrx_word' id='word_1_86' title='bbox 435 1508 526 1567; x_wconf 88' lang='lat' dir='ltr'><strong>luerit</strong></span> <span class='ocrx_word' id='word_1_87' title='bbox 548 1526 645 1574; x_wconf 87' lang='lat' dir='ltr'><strong>mens,</strong></span> <span class='ocrx_word' id='word_1_88' title='bbox 670 1524 758 1566; x_wconf 90' lang='lat' dir='ltr'><strong>nemo</strong></span> <span class='ocrx_word' id='word_1_89' title='bbox 781 1508 924 1585; x_wconf 87' lang='lat' dir='ltr'><strong>requirat,</strong></span> 
     </span>
     <span class='ocr_line' id='line_1_16' title="bbox 131 1591 770 1672; baseline -0.003 -20"><span class='ocrx_word' id='word_1_90' title='bbox 131 1591 284 1670; x_wconf 79' lang='lat' dir='ltr'><strong>Frigidius</strong></span> <span class='ocrx_word' id='word_1_91' title='bbox 306 1591 402 1668; x_wconf 87' lang='lat' dir='ltr'><strong>glaeie</strong></span> <span class='ocrx_word' id='word_1_92' title='bbox 423 1600 528 1672; x_wconf 88' lang='lat' dir='ltr'><strong>pectus</strong></span> <span class='ocrx_word' id='word_1_93' title='bbox 551 1592 675 1651; x_wconf 89' lang='lat' dir='ltr'><strong>amantis</strong></span> <span class='ocrx_word' id='word_1_94' title='bbox 698 1599 770 1651; x_wconf 87' lang='lat' dir='ltr'><strong>erat.</strong></span> 
     </span>
     <span class='ocr_line' id='line_1_17' title="bbox 84 1676 1057 1753; baseline -0.003 -18"><span class='ocrx_word' id='word_1_95' title='bbox 84 1676 121 1735; x_wconf 92' lang='lat' dir='ltr'><strong>ln</strong></span> <span class='ocrx_word' id='word_1_96' title='bbox 147 1677 238 1737; x_wconf 88' lang='lat' dir='ltr'><strong>tantis</strong></span> <span class='ocrx_word' id='word_1_97' title='bbox 260 1677 386 1737; x_wconf 87' lang='lat' dir='ltr'><strong>dicenda</strong></span> <span class='ocrx_word' id='word_1_98' title='bbox 409 1676 496 1735; x_wconf 92' lang='lat' dir='ltr'><strong>malis</strong></span> <span class='ocrx_word' id='word_1_99' title='bbox 519 1692 714 1753; x_wconf 84' lang='lat' dir='ltr'><strong>quaeeunque</strong></span> <span class='ocrx_word' id='word_1_100' title='bbox 736 1677 857 1735; x_wconf 90' lang='lat' dir='ltr'><strong>luerunt</strong></span> <span class='ocrx_word' id='word_1_101' title='bbox 1007 1684 1057 1733; x_wconf 77' lang='lat'><strong>720</strong></span> 
     </span>
     <span class='ocr_line' id='line_1_18' title="bbox 132 1759 807 1840; baseline -0.004 -20"><span class='ocrx_word' id='word_1_102' title='bbox 132 1759 198 1821; x_wconf 92' lang='lat' dir='ltr'><strong>Non</strong></span> <span class='ocrx_word' id='word_1_103' title='bbox 222 1777 292 1820; x_wconf 91' lang='lat' dir='ltr'><strong>reor</strong></span> <span class='ocrx_word' id='word_1_104' title='bbox 314 1760 456 1826; x_wconf 86' lang='lat' dir='ltr'><strong>alilietum</strong></span> <span class='ocrx_word' id='word_1_105' title='bbox 478 1761 677 1840; x_wconf 85' lang='lat' dir='ltr'><strong>perterruisse</strong></span> <span class='ocrx_word' id='word_1_106' title='bbox 699 1761 807 1819; x_wconf 89' lang='lat' dir='ltr'><strong>virum.</strong></span> 
     </span>
     <span class='ocr_line' id='line_1_19' title="bbox 82 1842 940 1924; baseline -0.002 -20"><span class='ocrx_word' id='word_1_107' title='bbox 82 1844 139 1904; x_wconf 89' lang='lat' dir='ltr'><strong>Ille</strong></span> <span class='ocrx_word' id='word_1_108' title='bbox 163 1843 267 1923; x_wconf 78' lang='lat' dir='ltr'><strong>Pylum</strong></span> <span class='ocrx_word' id='word_1_109' title='bbox 289 1842 426 1924; x_wconf 89' lang='lat' dir='ltr'><strong>linquens</strong></span> <span class='ocrx_word' id='word_1_110' title='bbox 450 1844 543 1904; x_wconf 88' lang='lat' dir='ltr'><strong>tendit</strong></span> <span class='ocrx_word' id='word_1_111' title='bbox 565 1862 634 1905; x_wconf 88' lang='lat' dir='ltr'><strong>oum</strong></span> <span class='ocrx_word' id='word_1_112' title='bbox 657 1843 782 1904; x_wconf 89' lang='lat' dir='ltr'><strong>Nestore</strong></span> <span class='ocrx_word' id='word_1_113' title='bbox 805 1844 940 1923; x_wconf 90' lang='lat' dir='ltr'><strong>Spartam</strong></span> 
     </span>
     <span class='ocr_line' id='line_1_20' title="bbox 130 1925 870 2007; baseline 0 -18"><span class='ocrx_word' id='word_1_114' title='bbox 130 1927 237 1989; x_wconf 83' lang='lat' dir='ltr'><strong>Nescio</strong></span> <span class='ocrx_word' id='word_1_115' title='bbox 259 1927 329 2007; x_wconf 87' lang='lat' dir='ltr'><strong>quid</strong></span> <span class='ocrx_word' id='word_1_116' title='bbox 351 1925 471 1997; x_wconf 87' lang='lat' dir='ltr'><strong>scribat,</strong></span> <span class='ocrx_word' id='word_1_117' title='bbox 494 1928 564 2007; x_wconf 93' lang='lat' dir='ltr'><strong>quid</strong></span> <span class='ocrx_word' id='word_1_118' title='bbox 587 1929 772 2007; x_wconf 78' lang='lat' dir='ltr'><strong>stupefactus</strong></span> <span class='ocrx_word' id='word_1_119' title='bbox 794 1938 870 2007; x_wconf 86' lang='lat' dir='ltr'><strong>agat.</strong></span> 
     </span>
     <span class='ocr_line' id='line_1_21' title="bbox 85 2012 802 2092; baseline -0.003 -20"><span class='ocrx_word' id='word_1_120' title='bbox 85 2014 178 2073; x_wconf 88' lang='lat' dir='ltr'><strong>Mittit</strong></span> <span class='ocrx_word' id='word_1_121' title='bbox 200 2031 255 2092; x_wconf 95' lang='lat' dir='ltr'><strong>pro</strong></span> <span class='ocrx_word' id='word_1_122' title='bbox 277 2014 379 2079; x_wconf 89' lang='lat' dir='ltr'><strong>lratre,</strong></span> <span class='ocrx_word' id='word_1_123' title='bbox 403 2013 453 2090; x_wconf 86' lang='lat' dir='ltr'><strong>qui</strong></span> <span class='ocrx_word' id='word_1_124' title='bbox 476 2012 647 2073; x_wconf 85' lang='lat' dir='ltr'><strong>consiliator</strong></span> <span class='ocrx_word' id='word_1_125' title='bbox 671 2021 699 2073; x_wconf 89' lang='lat' dir='ltr'><strong>et</strong></span> <span class='ocrx_word' id='word_1_126' title='bbox 722 2023 802 2074; x_wconf 88' lang='lat' dir='ltr'><strong>esset</strong></span> 
     </span>
     <span class='ocr_line' id='line_1_22' title="bbox 131 2095 1055 2175; baseline -0.003 -18"><span class='ocrx_word' id='word_1_127' title='bbox 131 2096 168 2157; x_wconf 82' lang='lat' dir='ltr'><strong>Et</strong></span> <span class='ocrx_word' id='word_1_128' title='bbox 190 2095 373 2165; x_wconf 64' lang='lat' dir='ltr'><strong>consolatum</strong></span> <span class='ocrx_word' id='word_1_129' title='bbox 397 2096 445 2156; x_wconf 88' lang='lat' dir='ltr'><strong>hie</strong></span> <span class='ocrx_word' id='word_1_130' title='bbox 467 2099 670 2175; x_wconf 78' lang='lat' dir='ltr'><strong>Agamemnon</strong></span> <span class='ocrx_word' id='word_1_131' title='bbox 694 2106 766 2157; x_wconf 85' lang='lat' dir='ltr'><strong>erat.</strong></span> <span class='ocrx_word' id='word_1_132' title='bbox 1006 2106 1055 2155; x_wconf 76' lang='lat'><strong>726</strong></span> 
     </span>
    </p>
   </div>
   <div class='ocr_carea' id='block_1_4' title="bbox 159 2258 982 2314">
    <p class='ocr_par' dir='ltr' id='par_1_4' title="bbox 159 2258 982 2314">
     <span class='ocr_line' id='line_1_23' title="bbox 159 2258 982 2314; baseline 0 -1"><span class='ocrx_word' id='word_1_133' title='bbox 159 2259 223 2314; x_wconf 83' lang='lat' dir='ltr'><strong>Hic</strong></span> <span class='ocrx_word' id='word_1_134' title='bbox 240 2258 349 2314; x_wconf 84' lang='lat' dir='ltr'><strong>PARIS</strong></span> <span class='ocrx_word' id='word_1_135' title='bbox 368 2258 481 2313; x_wconf 83' lang='lat' dir='ltr'>VENIT</span> <span class='ocrx_word' id='word_1_136' title='bbox 498 2259 549 2313; x_wconf 87' lang='lat' dir='ltr'><strong>AD</strong></span> <span class='ocrx_word' id='word_1_137' title='bbox 567 2259 712 2314; x_wconf 81' lang='lat' dir='ltr'><strong>TROIAM</strong></span> <span class='ocrx_word' id='word_1_138' title='bbox 730 2258 808 2314; x_wconf 85' lang='lat' dir='ltr'><strong>CUM</strong></span> <span class='ocrx_word' id='word_1_139' title='bbox 824 2258 982 2313; x_wconf 78' lang='lat' dir='ltr'>HELENA.</span> 
     </span>
    </p>
   </div>
   <div class='ocr_carea' id='block_1_5' title="bbox 83 2364 940 2527">
    <p class='ocr_par' dir='ltr' id='par_1_5' title="bbox 83 2364 940 2527">
     <span class='ocr_line' id='line_1_24' title="bbox 83 2364 940 2445; baseline -0.002 -19"><span class='ocrx_word' id='word_1_140' title='bbox 83 2364 175 2426; x_wconf 85' lang='lat' dir='ltr'><strong>Nune</strong></span> <span class='ocrx_word' id='word_1_141' title='bbox 198 2365 316 2425; x_wconf 83' lang='lat' dir='ltr'><strong>Troiam</strong></span> <span class='ocrx_word' id='word_1_142' title='bbox 340 2366 453 2444; x_wconf 89' lang='lat' dir='ltr'><strong>praedo</strong></span> <span class='ocrx_word' id='word_1_143' title='bbox 475 2368 586 2445; x_wconf 89' lang='lat' dir='ltr'><strong>repetit</strong></span> <span class='ocrx_word' id='word_1_144' title='bbox 608 2383 676 2425; x_wconf 90' lang='lat' dir='ltr'><strong>cum</strong></span> <span class='ocrx_word' id='word_1_145' title='bbox 699 2364 792 2424; x_wconf 87' lang='lat' dir='ltr'><strong>divite</strong></span> <span class='ocrx_word' id='word_1_146' title='bbox 816 2364 940 2443; x_wconf 88' lang='lat' dir='ltr'><strong>praeda;</strong></span> 
     </span>
     <span class='ocr_line' id='line_1_25' title="bbox 130 2448 710 2527; baseline -0.002 -19"><span class='ocrx_word' id='word_1_147' title='bbox 130 2449 180 2509; x_wconf 82' lang='lat' dir='ltr'><strong>Sic</strong></span> <span class='ocrx_word' id='word_1_148' title='bbox 202 2458 233 2509; x_wconf 93' lang='lat' dir='ltr'><strong>et</strong></span> <span class='ocrx_word' id='word_1_149' title='bbox 255 2451 297 2509; x_wconf 89' lang='lat' dir='ltr'><strong>sie</strong></span> <span class='ocrx_word' id='word_1_150' title='bbox 320 2450 388 2518; x_wconf 87' lang='lat' dir='ltr'><strong>leci,</strong></span> <span class='ocrx_word' id='word_1_151' title='bbox 412 2453 529 2511; x_wconf 90' lang='lat' dir='ltr'><strong>nuntiat</strong></span> <span class='ocrx_word' id='word_1_152' title='bbox 550 2448 600 2509; x_wconf 91' lang='lat' dir='ltr'><strong>ille</strong></span> <span class='ocrx_word' id='word_1_153' title='bbox 622 2450 710 2527; x_wconf 86' lang='lat' dir='ltr'><strong>patri.</strong></span> 
     </span>
    </p>
   </div>
   <div class='ocr_carea' id='block_1_6' title="bbox 25 2617 1055 3557">
    <p class='ocr_par' dir='ltr' id='par_1_6' title="bbox 25 2617 1055 3557">
     <span class='ocr_line' id='line_1_26' title="bbox 155 2617 550 2679; baseline 0.003 -13"><span class='ocrx_word' id='word_1_154' title='bbox 155 2619 214 2667; x_wconf 85' lang='grc'><strong>706.</strong></span> <span class='ocrx_word' id='word_1_155' title='bbox 233 2617 338 2667; x_wconf 86' lang='lat' dir='ltr'><strong>Statius</strong></span> <span class='ocrx_word' id='word_1_156' title='bbox 357 2617 457 2668; x_wconf 86' lang='lat' dir='ltr'><strong>Achill.</strong></span> <span class='ocrx_word' id='word_1_157' title='bbox 475 2618 497 2679; x_wconf 90' lang='lat'><strong>1,</strong></span> <span class='ocrx_word' id='word_1_158' title='bbox 517 2620 550 2667; x_wconf 80' lang='lat'><strong>20</strong></span> 
     </span>
     <span class='ocr_line' id='line_1_27' title="bbox 223 2682 906 2749; baseline 0.001 -15"><span class='ocrx_word' id='word_1_159' title='bbox 223 2684 351 2735; x_wconf 82' lang='lat' dir='ltr'><strong>Solverat</strong></span> <span class='ocrx_word' id='word_1_160' title='bbox 368 2683 486 2736; x_wconf 83' lang='lat' dir='ltr'><strong>Oebalio</strong></span> <span class='ocrx_word' id='word_1_161' title='bbox 504 2683 621 2734; x_wconf 82' lang='lat' dir='ltr'><strong>classem</strong></span> <span class='ocrx_word' id='word_1_162' title='bbox 640 2683 672 2733; x_wconf 89' lang='lat' dir='ltr'><strong>de</strong></span> <span class='ocrx_word' id='word_1_163' title='bbox 690 2682 785 2733; x_wconf 88' lang='lat' dir='ltr'><strong>littore</strong></span> <span class='ocrx_word' id='word_1_164' title='bbox 803 2689 906 2749; x_wconf 85' lang='lat' dir='ltr'><strong>pastor.</strong></span> 
     </span>
     <span class='ocr_line' id='line_1_28' title="bbox 83 2750 1055 2817; baseline 0.003 -15"><span class='ocrx_word' id='word_1_165' title='bbox 83 2753 144 2802; x_wconf 76' lang='grc'>708.</span> <span class='ocrx_word' id='word_1_166' title='bbox 163 2750 222 2805; x_wconf 85' lang='lat' dir='ltr'><strong>eod,</strong></span> <span class='ocrx_word' id='word_1_167' title='bbox 241 2754 338 2817; x_wconf 84' lang='lat' dir='ltr'><strong>tregit.</strong></span> <span class='ocrx_word' id='word_1_168' title='bbox 391 2754 517 2804; x_wconf 76' lang='lat' dir='ltr'><strong>ros-11,</strong></span> <span class='ocrx_word' id='word_1_169' title='bbox 538 2750 638 2801; x_wconf 85' lang='lat' dir='ltr'><strong>alludit</strong></span> <span class='ocrx_word' id='word_1_170' title='bbox 655 2752 798 2802; x_wconf 83' lang='lat' dir='ltr'><strong>Luesnum</strong></span> <span class='ocrx_word' id='word_1_171' title='bbox 816 2752 912 2802; x_wconf 82' lang='lat' dir='ltr'><strong>Pharo.</strong></span> <span class='ocrx_word' id='word_1_172' title='bbox 925 2752 974 2815; x_wconf 88' lang='lat' dir='ltr'><strong>IX,</strong></span> <span class='ocrx_word' id='word_1_173' title='bbox 989 2755 1055 2805; x_wconf 81' lang='lat'>1038</span> 
     </span>
     <span class='ocr_line' id='line_1_29' title="bbox 81 2819 850 2883; baseline 0.003 -16"><span class='ocrx_word' id='word_1_174' title='bbox 81 2820 152 2868; x_wconf 81' lang='lat'><strong>-41</strong></span> <span class='ocrx_word' id='word_1_175' title='bbox 224 2844 258 2854; x_wconf 98' lang='lat'><em>-</em></span> <span class='ocrx_word' id='word_1_176' title='bbox 275 2844 307 2853; x_wconf 92' lang='lat'>-</span> <span class='ocrx_word' id='word_1_177' title='bbox 325 2844 358 2854; x_wconf 95' lang='lat'><em>-</em></span> <span class='ocrx_word' id='word_1_178' title='bbox 375 2819 504 2869; x_wconf 80' lang='lat' dir='ltr'><strong>lacrimas</strong></span> <span class='ocrx_word' id='word_1_179' title='bbox 522 2834 576 2869; x_wconf 86' lang='lat' dir='ltr'><strong>non</strong></span> <span class='ocrx_word' id='word_1_180' title='bbox 594 2823 695 2883; x_wconf 88' lang='lat' dir='ltr'><strong>sponte</strong></span> <span class='ocrx_word' id='word_1_181' title='bbox 713 2819 850 2869; x_wconf 79' lang='lat' dir='ltr'><strong>eradentes</strong></span> 
     </span>
     <span class='ocr_line' id='line_1_30' title="bbox 186 2885 889 2951; baseline 0.001 -17"><span class='ocrx_word' id='word_1_182' title='bbox 186 2885 307 2947; x_wconf 78' lang='lat' dir='ltr'><strong>Effudit3</strong></span> <span class='ocrx_word' id='word_1_183' title='bbox 325 2888 500 2950; x_wconf 83' lang='lat' dir='ltr'><strong>gemitusque</strong></span> <span class='ocrx_word' id='word_1_184' title='bbox 520 2886 658 2950; x_wconf 85' lang='lat' dir='ltr'><strong>expressit</strong></span> <span class='ocrx_word' id='word_1_185' title='bbox 675 2891 786 2951; x_wconf 76' lang='lat' dir='ltr'><strong>pectore</strong></span> <span class='ocrx_word' id='word_1_186' title='bbox 804 2886 889 2948; x_wconf 88' lang='lat' dir='ltr'><strong>laeto,</strong></span> 
     </span>
     <span class='ocr_line' id='line_1_31' title="bbox 188 2951 948 3018; baseline 0 -15"><span class='ocrx_word' id='word_1_187' title='bbox 188 2954 251 3003; x_wconf 89' lang='lat' dir='ltr'><strong>Non</strong></span> <span class='ocrx_word' id='word_1_188' title='bbox 270 2951 352 3002; x_wconf 83' lang='lat' dir='ltr'><strong>aliter</strong></span> <span class='ocrx_word' id='word_1_189' title='bbox 369 2954 519 3004; x_wconf 81' lang='lat' dir='ltr'><strong>manifeste</strong></span> <span class='ocrx_word' id='word_1_190' title='bbox 537 2957 638 3018; x_wconf 88' lang='lat' dir='ltr'><strong>potens</strong></span> <span class='ocrx_word' id='word_1_191' title='bbox 656 2952 829 3003; x_wconf 85' lang='lat' dir='ltr'><strong>abscondere</strong></span> <span class='ocrx_word' id='word_1_192' title='bbox 848 2955 948 3003; x_wconf 90' lang='lat' dir='ltr'><strong>mentis</strong></span> 
     </span>
     <span class='ocr_line' id='line_1_32' title="bbox 187 3019 551 3084; baseline -0.003 -14"><span class='ocrx_word' id='word_1_193' title='bbox 187 3019 303 3081; x_wconf 80' lang='lat' dir='ltr'><strong>Gaudia,</strong></span> <span class='ocrx_word' id='word_1_194' title='bbox 324 3034 405 3084; x_wconf 83' lang='lat' dir='ltr'><strong>quam</strong></span> <span class='ocrx_word' id='word_1_195' title='bbox 421 3019 551 3070; x_wconf 82' lang='lat' dir='ltr'><strong>lacrimis.</strong></span> 
     </span>
     <span class='ocr_line' id='line_1_33' title="bbox 83 3086 1054 3155; baseline 0.004 -18"><span class='ocrx_word' id='word_1_196' title='bbox 83 3089 141 3138; x_wconf 78' lang='lat'>709.</span> <span class='ocrx_word' id='word_1_197' title='bbox 162 3102 211 3152; x_wconf 91' lang='lat' dir='ltr'><strong>pro</strong></span> <span class='ocrx_word' id='word_1_198' title='bbox 236 3087 296 3137; x_wconf 89' lang='lat' dir='ltr'><strong>eod.</strong></span> <span class='ocrx_word' id='word_1_199' title='bbox 319 3086 392 3137; x_wconf 81' lang='lat' dir='ltr'><strong>olleo</strong></span> <span class='ocrx_word' id='word_1_200' title='bbox 413 3090 554 3152; x_wconf 87' lang='lat' dir='ltr'><strong>posuimus</strong></span> <span class='ocrx_word' id='word_1_201' title='bbox 577 3086 664 3138; x_wconf 83' lang='lat' dir='ltr'><strong>oblita</strong></span> <span class='ocrx_word' id='word_1_202' title='bbox 682 3108 716 3128; x_wconf 91' lang='lat'><strong>=</strong></span> <span class='ocrx_word' id='word_1_203' title='bbox 734 3087 839 3138; x_wconf 87' lang='lat' dir='ltr'><strong>induta.</strong></span> <span class='ocrx_word' id='word_1_204' title='bbox 863 3090 932 3140; x_wconf 90' lang='lat' dir='ltr'><strong>Hor.</strong></span> <span class='ocrx_word' id='word_1_205' title='bbox 949 3091 999 3155; x_wconf 87' lang='lat' dir='ltr'><strong>Ep.</strong></span> <span class='ocrx_word' id='word_1_206' title='bbox 1017 3090 1054 3154; x_wconf 87' lang='lat' dir='ltr'><strong>H,</strong></span> 
     </span>
     <span class='ocr_line' id='line_1_34' title="bbox 83 3154 902 3219; baseline 0.001 -15"><span class='ocrx_word' id='word_1_207' title='bbox 83 3157 108 3216; x_wconf 89' lang='lat' dir='ltr'><strong>l,</strong></span> <span class='ocrx_word' id='word_1_208' title='bbox 127 3155 179 3205; x_wconf 81' lang='lat'><strong>204</strong></span> <span class='ocrx_word' id='word_1_209' title='bbox 195 3154 377 3217; x_wconf 83' lang='lat' dir='ltr'><strong>Divitiseque</strong></span> <span class='ocrx_word' id='word_1_210' title='bbox 395 3156 567 3219; x_wconf 78' lang='lat' dir='ltr'><strong>peregrinae,</strong></span> <span class='ocrx_word' id='word_1_211' title='bbox 585 3156 686 3219; x_wconf 89' lang='lat' dir='ltr'><strong>quibus</strong></span> <span class='ocrx_word' id='word_1_212' title='bbox 704 3155 806 3205; x_wconf 90' lang='lat' dir='ltr'><strong>oblitus</strong></span> <span class='ocrx_word' id='word_1_213' title='bbox 824 3162 902 3206; x_wconf 82' lang='lat' dir='ltr'><strong>actor</strong></span> 
     </span>
     <span class='ocr_line' id='line_1_35' title="bbox 195 3220 932 3283; baseline 0.008 -13"><span class='ocrx_word' id='word_1_214' title='bbox 195 3220 263 3271; x_wconf 83' lang='lat' dir='ltr'><strong>Cum</strong></span> <span class='ocrx_word' id='word_1_215' title='bbox 281 3223 363 3270; x_wconf 83' lang='lat' dir='ltr'><strong>stetit</strong></span> <span class='ocrx_word' id='word_1_216' title='bbox 379 3222 409 3270; x_wconf 91' lang='lat' dir='ltr'><strong>iu</strong></span> <span class='ocrx_word' id='word_1_217' title='bbox 426 3236 518 3283; x_wconf 81' lang='lat' dir='ltr'><strong>scena,</strong></span> <span class='ocrx_word' id='word_1_218' title='bbox 537 3224 678 3272; x_wconf 78' lang='lat' dir='ltr'><strong>concurrit</strong></span> <span class='ocrx_word' id='word_1_219' title='bbox 695 3222 810 3273; x_wconf 81' lang='lat' dir='ltr'><strong>dextere</strong></span> <span class='ocrx_word' id='word_1_220' title='bbox 828 3223 932 3277; x_wconf 83' lang='lat' dir='ltr'><strong>laevae.</strong></span> 
     </span>
     <span class='ocr_line' id='line_1_36' title="bbox 78 3286 1027 3353; baseline 0.004 -15"><span class='ocrx_word' id='word_1_221' title='bbox 78 3290 142 3339; x_wconf 74' lang='lat' dir='ltr'><strong>alr.</strong></span> <span class='ocrx_word' id='word_1_222' title='bbox 160 3286 226 3342; x_wconf 77' lang='lat' dir='ltr'><strong>eod.</strong></span> <span class='ocrx_word' id='word_1_223' title='bbox 245 3288 368 3343; x_wconf 84' lang='lat' dir='ltr'><strong>blandis,</strong></span> <span class='ocrx_word' id='word_1_224' title='bbox 438 3290 495 3339; x_wconf 84' lang='grc'>713.</span> <span class='ocrx_word' id='word_1_225' title='bbox 514 3290 570 3340; x_wconf 84' lang='lat' dir='ltr'><strong>bib.</strong></span> <span class='ocrx_word' id='word_1_226' title='bbox 588 3305 627 3340; x_wconf 87' lang='lat' dir='ltr'><strong>ae.</strong></span> <span class='ocrx_word' id='word_1_227' title='bbox 646 3306 720 3343; x_wconf 85' lang='lat' dir='ltr'><strong>aure.</strong></span> <span class='ocrx_word' id='word_1_228' title='bbox 756 3291 807 3342; x_wconf 84' lang='lat' dir='ltr'><strong>Ov.</strong></span> <span class='ocrx_word' id='word_1_229' title='bbox 825 3291 891 3342; x_wconf 88' lang='lat' dir='ltr'><strong>Her.</strong></span> <span class='ocrx_word' id='word_1_230' title='bbox 910 3290 957 3353; x_wconf 87' lang='lat' dir='ltr'><strong>IX,</strong></span> <span class='ocrx_word' id='word_1_231' title='bbox 977 3293 1027 3342; x_wconf 76' lang='lat'><strong>154</strong></span> 
     </span>
     <span class='ocr_line' id='line_1_37' title="bbox 214 3355 914 3422; baseline 0.003 -16"><span class='ocrx_word' id='word_1_232' title='bbox 214 3355 338 3419; x_wconf 75' lang='lat' dir='ltr'><strong>(irasque</strong></span> <span class='ocrx_word' id='word_1_233' title='bbox 357 3358 458 3407; x_wconf 88' lang='lat' dir='ltr'><strong>erimus</strong></span> <span class='ocrx_word' id='word_1_234' title='bbox 475 3356 577 3419; x_wconf 85' lang='lat' dir='ltr'><strong>plures,</strong></span> <span class='ocrx_word' id='word_1_235' title='bbox 595 3358 694 3422; x_wconf 88' lang='lat' dir='ltr'><strong>iuquit,</strong></span> <span class='ocrx_word' id='word_1_236' title='bbox 714 3362 743 3407; x_wconf 89' lang='lat' dir='ltr'><strong>et</strong></span> <span class='ocrx_word' id='word_1_237' title='bbox 760 3359 819 3422; x_wconf 87' lang='lat' dir='ltr'><strong>ipsa</strong></span> <span class='ocrx_word' id='word_1_238' title='bbox 836 3359 914 3408; x_wconf 78' lang='lat' dir='ltr'><strong>bibit</strong></span> 
     </span>
     <span class='ocr_line' id='line_1_38' title="bbox 25 3422 1052 3488; baseline 0.003 -14"><span class='ocrx_word' id='word_1_239' title='bbox 25 3473 26 3484; x_wconf 60' lang='grc'>,</span> <span class='ocrx_word' id='word_1_240' title='bbox 82 3424 141 3475; x_wconf 77' lang='grc'><strong>716.</strong></span> <span class='ocrx_word' id='word_1_241' title='bbox 173 3422 242 3473; x_wconf 80' lang='lat' dir='ltr'><strong>eod.</strong></span> <span class='ocrx_word' id='word_1_242' title='bbox 274 3422 422 3480; x_wconf 78' lang='lat' dir='ltr'><strong>clauserat,</strong></span> <span class='ocrx_word' id='word_1_243' title='bbox 499 3426 557 3476; x_wconf 79' lang='grc'><strong>717.</strong></span> <span class='ocrx_word' id='word_1_244' title='bbox 588 3424 654 3478; x_wconf 86' lang='lat' dir='ltr'><strong>Cod.</strong></span> <span class='ocrx_word' id='word_1_245' title='bbox 679 3440 729 3488; x_wconf 89' lang='lat' dir='ltr'><strong>per</strong></span> <span class='ocrx_word' id='word_1_246' title='bbox 757 3441 831 3475; x_wconf 85' lang='lat' dir='ltr'><strong>mare</strong></span> <span class='ocrx_word' id='word_1_247' title='bbox 858 3430 941 3475; x_wconf 83' lang='lat' dir='ltr'><strong>vecta</strong></span> <span class='ocrx_word' id='word_1_248' title='bbox 967 3440 1052 3479; x_wconf 82' lang='lat' dir='ltr'><strong>mare.</strong></span> 
     </span>
     <span class='ocr_line' id='line_1_39' title="bbox 25 3487 782 3557; baseline -0.001 -16"><span class='ocrx_word' id='word_1_249' title='bbox 25 3495 28 3546; x_wconf 67' lang='grc' dir='ltr'>ζ</span> <span class='ocrx_word' id='word_1_250' title='bbox 81 3487 394 3553; x_wconf 78' lang='lat' dir='ltr'><strong>t1e.0v.Her.1‚na.</strong></span> <span class='ocrx_word' id='word_1_251' title='bbox 464 3493 521 3547; x_wconf 75' lang='lat'><strong>722.</strong></span> <span class='ocrx_word' id='word_1_252' title='bbox 541 3489 607 3546; x_wconf 76' lang='lat' dir='ltr'><strong>(lod.</strong></span> <span class='ocrx_word' id='word_1_253' title='bbox 627 3490 782 3557; x_wconf 86' lang='lat' dir='ltr'><strong>lingquens.</strong></span> 
     </span>
    </p>
   </div>
   <div class='ocr_carea' id='block_1_7' title="bbox 810 3574 847 3624">
    <p class='ocr_par' dir='ltr' id='par_1_7' title="bbox 810 3574 847 3624">
     <span class='ocr_line' id='line_1_40' title="bbox 810 3574 847 3624; baseline 0 -24"><span class='ocrx_word' id='word_1_254' title='bbox 810 3574 847 3624; x_wconf 71' lang='lat'><strong>3.</strong></span> 
     </span>
    </p>
   </div>
   <div class='ocr_carea' id='block_1_8' title="bbox 0 0 1260 3917">
    <p class='ocr_par' dir='ltr' id='par_1_8' title="bbox 0 0 1260 3917">
     <span class='ocr_line' id='line_1_41' title="bbox 0 0 1260 3917; baseline 0 2"><span class='ocrx_word' id='word_1_255' title='bbox 0 0 1260 3917; x_wconf 95' lang='lat' dir='ltr'><strong> </strong></span> 
     </span>
    </p>
   </div>
  </div>
 </body>
</html>
