2509 3917
186 215 248 280 194
490 220 552 271 Lib.
572 221 618 271 VI.
656 238 680 275 v.
701 224 844 278 tac-811.

186 371 294 431 Aeolus
316 372 430 432 interea
456 373 563 433 tollens
585 371 621 432 ad
646 373 742 434 sidera
766 373 875 436 fluctus

227 456 409 517 Graecorum
432 457 547 517 ratibus
569 460 655 517 triste
678 459 809 519 minatur
832 476 922 526 onus:

185 538 332 601 Densatnr
354 539 469 601 coelum
492 543 558 621 plce
581 543 704 619 nigrius,
727 543 841 620 lngrnit
863 542 968 612 imber,
1109 556 1161 605 aaa

228 623 299 686 Vela
321 623 496 703 procellosis
519 625 703 705 dejiciuutur
725 628 819 704 aquis.

183 707 306 769 Inchoat
328 708 479 770 horrendo
503 711 622 771 misceri
647 727 800 771 murmure
822 718 938 791 pontus,

226 792 320 855 Nacta
342 793 529 872 gubernandi
551 794 665 872 grande
687 794 845 874 perhorret
867 815 952 876 opus.

184 876 245 937 Nec
269 896 360 946 mora,
385 877 544 957 diffugiunt
567 888 597 939 et
619 889 699 939 vasta
722 897 777 958 per
799 897 928 961 aequora
950 890 1088 955 currunt,

228 961 380 1042 Saevaque
403 972 574 1041 spumantes
596 965 731 1025 concutit
752 982 823 1024 aura
847 975 943 1035 rates;

182 1045 348 1107 Locrorum
372 1046 476 1109 classis
498 1047 663 1108 immitibus
685 1047 792 1109 obruta
816 1051 910 1111 ventis

227 1128 386 1207 Frangitur
407 1131 437 1192 in
459 1131 558 1192 medio
581 1131 747 1193 delucerata
769 1134 855 1202 freto.

183 1212 245 1274 Nec
268 1217 338 1276 satis
360 1216 472 1276 insanis
495 1217 641 1294 estquod
664 1218 862 1295 confringitur
884 1218 978 1285 undis.

225 1297 294 1360 Plus
316 1316 409 1369 mare,
431 1302 480 1360 cui
503 1303 609 1380 parcit.
634 1301 770 1362 fulminis
791 1303 859 1380 igne
883 1306 971 1381 perit.

182 1383 245 1444 Rex
268 1383 337 1463 Ajax
363 1384 460 1445 videat
481 1403 571 1465 quum
595 1394 692 1446 terras
713 1385 845 1462 undique
868 1383 964 1448 nullas

209 1459 390 1546 'Naufragus
411 1470 443 1529 in
466 1469 571 1529 mediis
593 1469 716 1530 brachia
738 1471 828 1531 lassat
851 1474 945 1549 aquis.

181 1552 277 1614 Littus
299 1561 332 1614 ut
352 1553 481 1614 inveniat
503 1553 598 1614 nudos
620 1556 714 1633 quatit
735 1554 785 1615 ille
806 1552 944 1627 lacertos,

223 1637 328 1697 Exitus
350 1637 399 1698 hic
420 1638 525 1698 fractis
547 1638 702 1719 puppibus
724 1658 789 1699 esse
812 1638 896 1701 solet.

183 1720 287 1781 Cetera
311 1720 398 1783 turba
420 1720 492 1783 licet
513 1721 595 1801 ligno
618 1723 755 1785 tabulavc
778 1722 911 1793 vehatur,

226 1804 300 1866 Dum
324 1806 403 1867 cadit
425 1807 455 1866 in
478 1807 617 1886 scopulos
639 1807 775 1887 piscibus
797 1826 864 1869 esca
887 1808 984 1870 datur.

183 1887 360 1970 Exemplum
383 1892 498 1971 positus
520 1893 612 1953 animi
635 1894 776 1970 patientis
798 1891 896 1953 Ulixes

223 1973 354 2035 lactatur
378 1974 468 2036 dubio
491 1978 625 2054 perduc
650 1974 743 2038 lustra
767 1979 850 2037 mari.

182 2053 309 2138 lnsuper
332 2065 427 2120 aetate
449 2071 591 2139 provecta
615 2061 714 2122 clarus
735 2061 773 2121 ab
795 2061 855 2130 illo,

224 2141 279 2203 Cui
300 2140 377 2204 bene
400 2143 566 2215 confideris,
589 2144 713 2206 vulnere
734 2146 831 2205 fossus
854 2145 927 2208 obit

182 2226 320 2288 Cassibus
341 2228 486 2289 intererat
508 2237 537 2290 et
559 2228 704 2298 cladibus,
727 2228 775 2290 his
797 2230 967 2299 Diomedes,

229 2316 365 2373 attamen
388 2313 418 2372 in
440 2315 596 2393 proprium
619 2314 740 2376 devenit
760 2313 810 2374 illa
833 2313 941 2378 locum.

184 2396 362 2456 Idomeneus
384 2397 453 2460 item
477 2414 537 2457 non
559 2416 653 2477 pauca
676 2399 807 2476 pericula
829 2416 934 2477 passus

224 2481 318 2541 Intrat
340 2497 407 2541 cum
430 2482 518 2541 sociis
540 2483 636 2561 patria
658 2490 735 2542 tecta
756 2484 831 2551 suis;

182 2562 498 2635 perannaturum,
521 2564 626 2627 solitus
649 2584 829 2646 componere
852 2566 926 2634 lites.

224 2647 410 2725 Extinguens
432 2652 492 2711 irae
514 2642 596 2730 pacis
619 2654 650 2712 in
673 2649 768 2711 imbre
792 2650 888 2722 faces;

184 2732 229 2791 nu
252 2749 303 2792 sua
327 2735 487 2795 deveniunt
509 2735 597 2797 etiam
620 2736 746 2797 confinia
770 2736 900 2816 quidam,

183 2850 369 2859 -ι-..-.....

181 2902 238 2951 783.
258 2901 307 2955 Or.
327 2902 457 2963 Mat.1V,
477 2904 535 2956 701.
553 2906 575 2953 f.

189 2994 190 2997 ¹
408 2996 441 3005 --
458 2996 492 3006 -·
511 2985 646 3035 paresque
666 2970 701 3019 cd
719 2971 812 3024 sidera
829 2969 945 3036 supplex

248 3052 251 3055 ⁴
334 3036 434 3087 Cressa
452 3052 550 3105 manus
568 3037 674 3088 tollens.

180 3106 238 3155 tex.
257 3105 332 3168 Virg.
351 3104 420 3156 Aem
438 3104 461 3167 Ι,
481 3106 530 3156 128

331 3170 443 3221 Intereat
459 3187 559 3237 magno
577 3173 687 3223 misceri
705 3188 840 3223 murmure
859 3178 979 3238 pontum.

181 3239 239 3291 796.
259 3237 411 3288 scoriali
430 3239 509 3287 Pont.
528 3239 551 3298 1,
569 3242 593 3298 6,
612 3243 654 3292 33.
674 3242 708 3289 34

331 3303 412 3351 Haec
431 3303 506 3365 facit,
525 3308 566 3363 ut,
584 3305 679 3355 videat
698 3310 752 3356 etc.

368 3369 527 3431 Naufragus
543 3370 573 3418 in
591 3371 687 3420 madiis
706 3371 821 3422 brochis
835 3372 926 3436 jactet
945 3376 1035 3438 cquis,

180 3435 271 3478 tamen
292 3447 341 3493 pro
363 3434 451 3481 nostri
468 3433 595 3495 „lassst“
610 3434 702 3497 jactet
720 3452 822 3500 ponere
846 3440 991 3490 noluimus.
1090 3444 1154 3496 806.

178 3494 286 3556 Margo.
321 3496 480 3548 Idumeneus
497 3501 604 3549 occisus
623 3501 658 3549 ab
676 3503 807 3565 Hectore,
825 3505 897 3557 alius
915 3511 977 3556 eret
994 3507 1058 3557 iste.
