2509 3917
428 183 492 234 nro.
511 182 547 232 11.
583 200 609 238 v.
627 185 769 237 nen-aot.
1040 182 1081 247 47

112 335 267 396 Adventus
289 333 379 394 vestri
402 333 510 412 prohat
532 333 581 394 hic
604 334 680 395 alata
702 335 837 396 voluntas
1032 345 1081 395 235

158 419 198 478 Et
219 435 292 497 quas
315 420 437 478 vexistis
459 418 519 478 huc
540 419 688 479 veniendo
710 428 799 481 rates.

114 503 211 564 Immo
233 500 319 562 labor
341 500 515 563 tolerandus
537 502 644 571 adhuc,
668 521 735 564 cunr
758 505 850 564 simus
872 506 949 565 inire

158 587 191 647 ln
217 586 384 665 Phrygiam,
408 588 502 647 sortes
525 605 595 647 ense
617 587 739 647 domare
761 587 901 666 Phryges,

113 673 185 740 Vos,
209 673 260 749 qui
281 671 436 749 proposito
457 668 548 731 nolite
571 671 714 731 recedere
736 681 846 741 vestro,

160 757 336 818 Constantes
358 756 495 834 sequitur
517 755 611 831 gloria
635 771 741 832 magna
763 760 849 817 viros.
919 788 925 797 »
1030 766 1081 816 240
1136 814 1141 822 ,

114 839 184 902 Otia
207 839 345 919 deponat,
369 842 461 899 armis
482 857 515 900 se
538 840 651 900 Graeca
671 839 810 918 juventus

159 923 275 992 lnduat,
298 925 356 983 iam
378 924 478 983 minax
501 925 536 983 ad
559 923 638 984 latus
661 926 740 985 ensis
763 933 819 993 eat,

114 1009 254 1069 Vindicet
275 1006 445 1087 opprobria,
466 1007 548 1068 huno
569 1008 695 1077 hostem,
720 1007 826 1070 damna
850 1012 993 1089 requirat.

160 1094 222 1154 Nec
245 1095 304 1152 nisi
326 1090 467 1170 subjectis
489 1091 625 1153 hostibus
647 1110 728 1152 arma
751 1094 846 1161 locet;

116 1178 177 1238 Sed
201 1186 299 1237 tameo
322 1177 439 1237 interea
462 1175 592 1256 Delphos
614 1179 756 1247 mittatur,
779 1178 882 1256 Apollo
1031 1187 1081 1235 245

158 1263 212 1322 Est
232 1259 284 1329 ibi,
308 1279 363 1340 pro
385 1268 454 1321 vnto
475 1261 552 1322 dona
575 1262 709 1321 ieramus
730 1265 772 1332 ei;

112 1346 261 1406 Eventum
284 1344 355 1404 belli
377 1363 553 1422 responsum
576 1347 654 1406 scire
676 1365 731 1425 per
753 1349 817 1407 eius

158 1430 334 1497 Possumus;
358 1433 388 1490 in
411 1431 500 1490 linem
523 1429 575 1490 sed
596 1431 663 1509 quis
684 1432 781 1491 iturus
804 1431 878 1489 erit?

380 1628 478 1682 FANA
495 1626 596 1681 DANT
613 1625 810 1681 RESPONSA.

113 1766 240 1837 Quaerit
261 1784 328 1826 cnm
352 1767 433 1828 socio
455 1765 593 1828 Patroclo
614 1767 725 1827 missus
746 1763 873 1826 Achilles

157 1850 200 1911 lle
222 1868 257 1910 re
280 1851 444 1927 proposita;
466 1853 585 1930 lataque
608 1851 708 1910 lantur
729 1851 782 1910 ita:
1029 1861 1080 1909 too

112 1935 223 1995 Graeci
245 1933 390 2013 Trojanos
412 1937 531 1996 vincent
553 1934 729 2015 decimoque
751 1933 806 1994 suh
829 1952 907 1995 anuo

158 2021 180 2078 A
204 2019 324 2080 Graecis
346 2019 436 2079 dehet
457 2019 547 2101 'froja
570 2019 691 2079 subacta
715 2021 792 2098 capi.

113 2103 239 2165 Calchas
262 2102 380 2163 divinus
403 2111 433 2163 et
454 2103 579 2164 Nestore
602 2111 689 2163 natus
711 2103 818 2164 eodem

157 2187 209 2246 Est
230 2205 286 2266 pro
308 2184 446 2265 'l'rojanis
468 2196 603 2266 tempore
624 2187 733 2248 missus
755 2206 800 2246 eo.

112 2272 157 2332 De
180 2289 274 2349 regno
296 2271 446 2351 rebusque
468 2275 528 2331 suis
550 2271 600 2330 hic
622 2270 760 2340 consulit,
784 2272 866 2331 audit
1029 2279 1078 2328 auo

157 2354 241 2425 Quod
266 2354 324 2416 sibi
345 2373 413 2416 oum
436 2357 557 2416 Graecis
578 2354 667 2434 Troja
689 2355 816 2432 petenda
839 2354 904 2414 luit.

115 2440 303 2500 Conveniunt
325 2439 448 2501 Calchas
471 2450 501 2501 et
522 2438 661 2507 Achilles,
684 2455 777 2516 seque
800 2439 928 2499 salutant

156 2524 196 2584 Et
218 2523 307 2584 simul
328 2525 358 2584 in
381 2525 451 2584 lano
473 2533 575 2585 mutua
598 2522 688 2583 verha
711 2528 822 2584 serunt.

112 2607 296 2671 Alterutrum
320 2621 481 2685 quaeruut:
503 2606 558 2668 tibi
581 2607 652 2686 quid
675 2607 832 2686 respondit
853 2606 972 2685 Apollo?

156 2693 222 2754 lloc
242 2692 318 2753 mihi
341 2693 414 2752 dixit
435 2703 466 2754 et
486 2694 554 2762 hoc,
578 2709 664 2757 unus.
678 2699 708 2752 et
729 2690 805 2753 alter
828 2694 878 2752 ait.
1028 2700 1079 2751 too

113 2779 220 2839 Graeci
242 2780 379 2838 victores·
392 2778 473 2852 dent,
496 2777 554 2836 hoc
575 2777 687 2856 inquit;
711 2775 761 2835 hic
782 2784 895 2836 autem:
958 2772 961 2778 “

157 2864 230 2926 Cum
253 2863 376 2923 Graecis
397 2861 456 2930 ibo,
480 2860 606 2921 Troicus
626 2860 722 2920 hostis
744 2878 806 2921 ero.

113 2945 312 3015 concordant,
335 2948 365 3006 in
388 2946 547 3006 amicitiam
569 2947 733 3014 sociantur,
755 2943 887 3004 Athenas

156 3030 200 3093 Ad
224 3029 340 3091 Danaos
361 3032 485 3090 veniunt
506 3038 536 3089 et
556 3031 680 3094 recitata
703 3030 811 3090 lerunt.

136 3288 141 3293 ·
182 3270 240 3318 235.
269 3281 378 3331 margo:
408 3265 509 3326 alluta,
527 3263 577 3314 sed
594 3277 747 3328 perperam,
766 3279 830 3314 nam
848 3263 924 3316 alato
941 3264 1080 3331 significe-

112 3335 192 3385 tione
211 3332 310 3396 ,‚cita“
333 3334 420 3384 utitur
437 3338 539 3383 noster.
592 3333 651 3381 244.
671 3331 736 3385 Ood.
755 3332 816 3382 sibi.
886 3335 945 3383 246.
965 3345 1078 3395 emerg,
1112 3340 1114 3346 ’

111 3409 178 3452 voto
196 3417 247 3466 pro
264 3401 325 3451 cod.
342 3404 418 3455 vote.
511 3401 570 3452 253.
601 3397 671 3459 Quis
689 3397 871 3461 Trojanorum
895 3403 938 3449 est
958 3399 1078 3449 Nestore

111 3470 213 3519 natus?
282 3470 339 3518 263.
358 3482 392 3517 ex
409 3466 533 3532 margine
551 3482 613 3532 pro:
633 3467 808 3520 condordant.
