2509 3917
207 180 250 246 52
524 183 588 234 uro.
605 181 641 235 m
677 197 703 238 v.
720 183 866 234 eso-415.

257 333 393 396 Dedecus
415 342 447 395 et
468 332 608 395 damnum
632 350 692 393 uon
715 332 865 394 toleranda
889 331 958 395 tibi:
1132 343 1184 393 atto

216 419 276 482 cur
298 428 357 478 tam
380 417 532 487 dedecori,
554 435 643 496 mam
665 417 786 497 damno,
808 434 884 495 quae
907 418 1032 480 Graecia
1054 418 1148 480 nobis

254 503 435 571 Promserat,
458 500 576 563 illudis?
618 501 701 564 Haeo
723 500 783 563 (luo
804 500 893 564 'l'roia
916 501 992 563 tulit

208 585 314 648 Nonne
336 595 453 666 patrem
475 595 611 647 nostrum
635 587 751 648 Graeco
772 587 832 647 sois
853 605 919 648 esse
940 587 1135 667 peremtum?

248 670 404 751 llesyonae
426 678 543 748 raptum
566 671 739 751 servitiique
758 670 881 749 jugum?

208 754 266 826 Qui
288 755 491 834 spoliaverunt
511 754 589 815 hano
611 755 728 825 urbem,
751 772 851 816 nonne
873 753 1008 833 Pelasgi?
1131 765 1183 814 390

256 838 315 909 Qui
337 841 552 917 confregerunt
573 839 700 910 moenia,
723 856 824 900 nonne
845 839 907 899 tui?

211 922 276 983 lloo
299 941 338 983 ne
359 932 555 1003 praeteream,
579 924 714 1004 potuitne
736 924 830 984 vietor
852 920 935 984 abire

251 1006 392 1069 Pluribus
414 1009 532 1070 amissis
553 1025 607 1068 rex
629 1017 706 1078 tuus,
728 1008 819 1075 immo
843 1007 926 1087 oapi?

208 1091 335 1171 Saepius
357 1092 524 1173 llesyonem
547 1091 661 1153 frustra
682 1091 876 1171 repetivimus
883 1112 892 1162 ;
914 1098 945 1152 at
966 1097 998 1152 tu

250 1176 321 1236 llieu
344 1177 388 1237 ris
410 1176 553 1237 Helenam
576 1184 606 1237 te
628 1177 775 1255 repetisse
797 1185 887 1237 tuam.
1132 1186 1184 1236 395

208 1260 252 1321 lle
275 1268 371 1321 vestra
393 1262 477 1321 oanis
498 1259 547 1321 hie
567 1258 645 1322 mihi
666 1260 786 1340 praeda,
809 1256 930 1322 sumine
954 1267 1088 1321 nostram

253 1344 388 1416 Quando,
410 1343 520 1424 quibus
542 1344 588 1406 vel
610 1343 662 1405 nbi
683 1345 861 1406 restituistis
883 1344 968 1404 eam?

212 1431 347 1492 Antenor
368 1430 479 1490 missus
501 1447 517 1490 a
540 1427 627 1490 nobis
649 1447 704 1508 pre
726 1427 890 1507 repetenda

251 1512 329 1584 Ouid
351 1513 420 1575 tulit
442 1513 595 1592 llesyonei
633 1512 788 1574 Soandala.
827 1513 932 1574 Soisne
953 1511 1050 1571 hene?

208 1597 321 1658 Retulit
341 1597 393 1659 ille
414 1596 500 1668 nihil,
523 1605 732 1676 praeterquam
754 1596 812 1657 tela
834 1598 997 1664 minarum3
1132 1606 1186 1655 400

253 1680 466 1761 Praeterquam
489 1681 600 1760 probra
623 1681 726 1742 retulit
748 1680 796 1743 ille
819 1680 902 1742 nihil.

209 1764 298 1825 Nune
319 1764 463 1825 Helenam
487 1766 598 1844 repetis
620 1773 652 1825 et
673 1766 716 1826 vis
738 1774 771 1825 ut
792 1765 828 1826 ad
851 1766 950 1825 omnia
973 1762 1087 1824 nullam

254 1847 368 1910 Oiierat
388 1849 545 1910 emendam
567 1850 701 1925 Graecia,
724 1849 815 1927 Troia
837 1867 967 1927 gravem.

213 1931 408 1994 Reddidimus
430 1931 537 2007 simile,
560 1950 611 1993 voa
634 1932 802 2013 Hesyonem
823 1935 978 2011 rapuistis

252 2015 313 2076 Nos
336 2016 494 2085 Helenam:
517 2019 672 2097 proprium
694 2016 818 2096 pertulit
838 2026 943 2079 auctor
964 2034 1050 2097 opus.
1131 2028 1185 2076 405

210 2099 290 2177 Lege
312 2108 364 2162 tua
386 2104 508 2181 pateris,
531 2120 588 2163 neo
609 2102 691 2162 enim
712 2099 761 2161 lex
783 2104 908 2182 aequior
930 2099 1005 2170 ulla;

252 2182 350 2254 Quam
372 2188 456 2246 necis
478 2186 608 2246 artilioes
630 2197 694 2246 arte
717 2186 818 2265 perire
839 2203 903 2246 sua.

213 2267 246 2329 Si
268 2276 298 2329 te
320 2272 482 2332 conticeret
503 2267 631 2349 simplex
652 2267 771 2347 injuria,
794 2269 877 2330 nullo

244 2353 458 2415 -Praeoedente
479 2354 567 2425 malo,
591 2372 651 2434 quo
673 2361 811 2433 paterere
832 2354 940 2415 model

210 2438 302 2502 tuuis
323 2438 361 2500 ab
384 2438 453 2519 ipde
474 2439 579 2507 minas,
601 2446 632 2498 et
653 2436 756 2498 stulte!
779 2437 837 2507 dio,
860 2455 930 2515 age:
954 2436 1075 2507 collum,
1133 2448 1186 2496 410

256 2523 290 2583 Si
310 2521 387 2593 volo,
409 2540 469 2583 non
491 2520 575 2584 valeo
597 2524 718 2600 cingere
741 2531 822 2582 reste
843 2522 944 2584 tuumi

211 2604 378 2667 Verborum
401 2606 517 2685 depone
538 2606 629 2676 iavos,
653 2607 727 2667 haee
747 2606 847 2667 littora
868 2605 982 2685 linque,

254 2690 408 2768 Spernunt
430 2689 582 2765 argolicos
602 2691 706 2751 limina
728 2698 828 2751 nostra
850 2689 955 2768 pedes.

213 2774 245 2834 Si
266 2791 370 2851 paoem
393 2774 512 2843 leceris,
535 2773 583 2835 hio
604 2776 765 2836 invenietis
787 2782 817 2837 et
837 2775 947 2854 ipsam;

253 2858 286 2918 Si
307 2856 430 2935 gladios,
452 2857 568 2935 gladios
589 2860 746 2938 reperietis
767 2859 849 2919 item.
1117 2858 1186 2916 '415

277 3059 337 3112 387.
366 3056 431 3108 (lod.
449 3055 549 3112 illusit.
634 3060 693 3109 402.
723 3073 772 3123 pro
790 3058 850 3111 eod.
868 3055 953 3108 nulla.
1038 3058 1098 3107 403.
1119 3057 1186 3111 cod.

211 3140 333 3190 grauem.
401 3126 461 3176 400.
479 3127 504 3178 7.
523 3124 605 3177 Ovid.
624 3125 677 3175 Ars
694 3140 746 3178 em.
763 3124 785 3187 1,
803 3125 863 3176 605.
881 3126 915 3175 56

277 3191 375 3242 Justus
391 3196 509 3256 uterque
526 3191 590 3253 fuit,
607 3207 698 3257 neque
718 3193 790 3242 enim
809 3191 855 3243 lex
873 3191 988 3256 aequior
1004 3189 1065 3241 ulla

312 3260 402 3321 Quem
418 3260 496 3308 neeis
514 3258 637 3310 artifices
655 3264 715 3309 erte
733 3261 823 3324 perire
841 3274 901 3309 sua.

209 3330 269 3379 40⁷.
297 3341 330 3378 ex
348 3325 450 3376 Ouidio
470 3330 498 3375 et
514 3327 640 3390 margins
656 3341 705 3390 pro
723 3326 848 3377 artifieio.
916 3327 976 3377 400.
996 3323 1048 3379 Or.
1064 3323 1186 3378 Heroid.

209 3395 313 3454 XVIII,
330 3396 373 3445 44.
391 3408 444 3458 quo
463 3398 522 3458 pat.
541 3393 611 3448 mod.
697 3395 756 3446 410.
779 3393 846 3444 (lod.
866 3393 951 3443 addit
1031 3392 1091 3442 415.
1112 3391 1185 3446 Com

210 3461 329 3526 gladios,
348 3461 464 3526 glodios.
