2509 3917
195 166 235 231 18
502 167 566 222 Lib.
583 167 607 220 1.
641 182 668 222 v.
686 169 831 219 aar-aaa.

238 318 351 381 liebeat
373 326 406 379 ut
427 316 478 379 tali
500 320 585 397 virgo
607 318 716 380 decora
739 320 819 389 dari;

193 404 282 467 Facta
307 403 425 482 quidem
447 401 530 463 robis
552 422 612 464 non
637 413 682 465 est
704 405 823 473 iniuria,
846 406 980 483 primum
1114 413 1167 462 225
1244 381 1245 446 l

234 488 350 550 Prodiit
372 506 389 548 a
411 495 510 548 vestro
533 486 735 550 Laomedonte
756 487 865 549 seclus.

194 573 336 634 Venimus
357 574 388 632 in
410 589 494 651 paee,
519 572 629 651 repulit
650 590 706 633 nos
728 572 912 633 dedecorosa

236 657 360 720 Nostros
382 656 542 718 intendens
565 658 718 735 exagitare
741 657 819 735 luga.

194 741 274 803 Siste
295 740 436 819 graduum
460 758 520 801 non
544 748 596 809 est,
620 741 700 821 quod
723 740 785 802 lers
808 743 837 800 in
860 746 993 816 pectore,
1017 749 1154 819 gratnm;

235 826 396 906 Propositi,
418 825 548 894 rediens,
571 825 716 887 contrahe
738 825 801 885 vela
825 825 881 886 tui.
1113 834 1167 883 230

192 909 242 975 Nil
265 909 390 971 eredens
412 917 520 977 actum,
544 917 604 970 tum
628 909 701 990 quid
724 916 897 988 superesset
918 907 1068 987 agendum

236 997 368 1055 Antenor
391 992 490 1053 differt
512 995 662 1055 velificare
685 993 817 1055 domum.

193 1079 329 1141 Nestoris
350 1078 524 1160 aggreditur
545 1077 729 1149 habitacula;
752 1080 890 1147 nuncius,
914 1077 1020 1158 inquit,

237 1162 279 1223 Ad
303 1169 418 1222 vestros
440 1163 508 1221 veni
530 1160 705 1224 velificando
727 1163 814 1223 lares.

195 1246 351 1326 Supplicat
372 1246 539 1325 Hesyonem
562 1264 616 1306 rex
639 1246 734 1315 reddi,
758 1246 865 1307 damna
888 1245 1014 1307 tacendo
1113 1254 1166 1303 235

238 1331 307 1393 Vult
329 1332 462 1410 reprimi,
486 1330 582 1410 pudor
605 1338 650 1391 est
672 1329 818 1393 ulteriora
840 1328 931 1409 loqui.

194 1416 257 1479 Hac
279 1418 343 1476 viee
366 1416 404 1476 de
426 1414 547 1494 praeda,
572 1414 612 1486 de¹
632 1417 712 1492 regis
735 1425 831 1476 morte
852 1421 996 1484 tacemus,

238 1501 289 1562 Est
310 1517 400 1579 grave
423 1500 502 1576 quod
525 1498 622 1561 doleat
644 1516 879 1560 commemorare
901 1498 960 1559 din.

195 1585 309 1653 Omnia,
333 1602 387 1645 rex
410 1585 489 1657 dicit,
513 1602 588 1662 quae
611 1592 681 1644 sunt
701 1582 781 1644 illata
804 1581 950 1662 probrose

237 1670 269 1729 Si
290 1669 380 1728 luerit
402 1670 485 1745 virgo
507 1666 633 1737 reddita,
656 1669 738 1746 pacis
761 1674 858 1727 erunt.
1113 1676 1166 1725 240

193 1753 252 1814 Ha!
276 1752 365 1811 nimis
387 1759 442 1819 est,
466 1750 556 1828 quod,
580 1754 684 1819 amice,
708 1752 799 1829 petis!
823 1747 1006 1814 moderatius
1028 1747 1114 1832 opta};

238 1835 282 1896 Sit
305 1834 411 1895 domus
432 1831 586 1913 Hesyonae
610 1834 726 1905 Gracia,
749 1835 858 1896 Nestor
880 1836 931 1895 ait.

196 1921 249 1981 uic
271 1925 371 1980 tamen
393 1920 520 1987 interca,
544 1936 636 1996 quum
659 1926 688 1979 te
710 1919 816 1980 fiducia
839 1920 950 1981 nostris

239 2003 393 2082 Appulerit
415 2001 537 2071 laribus,
560 2003 675 2081 paciliei
699 2021 738 2065 ne
760 2005 882 2065 sumus?

198 2087 345 2150 Ulteriora
368 2085 449 2164 loqui
470 2085 568 2164 pudor
591 2086 723 2156 esttibi,
748 2088 795 2148 dic
818 2106 881 2166 age,
904 2107 1013 2167 magno
1114 2099 1165 2148 245

237 2172 358 2249 Absque
381 2169 494 2231 rubore
516 2168 598 2250 loqui
620 2189 700 2231 nnnc
722 2172 800 2233 mala
823 2182 924 2234 nostra
946 2192 1035 2254 queo.

195 2254 311 2324 Nescis,
335 2273 411 2334 quae
433 2256 525 2316 luerit
546 2254 625 2315 illata
649 2255 796 2316 calumnia
819 2256 941 2319 Graecis

235 2338 304 2422 *Iam
327 2348 392 2402 tum
414 2340 544 2419 pacificis
566 2342 598 2399 in
622 2340 782 2401 Simoentis
804 2344 906 2420 aquis?

195 2426 346 2503 Numquid
369 2444 402 2486 es
422 2423 534 2485 oblitus
555 2423 635 2503 quod
658 2425 802 2486 Graecam
825 2444 879 2486 rex
901 2433 970 2489 tuus
992 2426 1063 2488 olim

239 2511 282 2571 Ex
304 2509 432 2589 Phrygia
453 2508 539 2587 jussit
561 2509 645 2568 ocius
667 2505 714 2568 ire
737 2511 849 2570 ratem?
1113 2522 1166 2571 250

194 2591 312 2657 Excidit
335 2610 369 2651 ex
394 2595 492 2653 auimo
514 2591 578 2660 tibi,
602 2592 751 2669 quomodo
773 2602 832 2654 tam
855 2595 954 2656 subito
976 2614 1032 2657 nos

238 2675 377 2739 Cedendo
401 2676 549 2752 quondam
573 2677 749 2737 sustinuisse
771 2679 888 2755 lugam?

196 2763 299 2829 Cedas,
323 2778 362 2820 ne
384 2767 515 2820 nostram
540 2767 588 2819 tua
612 2761 748 2822 mordeat
769 2780 880 2823 ancora
901 2770 1014 2824 terram

238 2846 359 2915 Ferrea,
383 2861 432 2904 res
455 2843 599 2924 Phrygias
621 2845 733 2907 Graeca
756 2848 868 2907 refutat
889 2848 1006 2908 humus

196 2932 259 2994 Rex
282 2938 351 2991 tuns
371 2936 417 2989 est
431 2928 576 2998 Priamus,
599 2929 709 3007 gaudet
724 2947 843 3008 qnoque
859 2934 982 2993 Graecia
997 2951 1079 3010 rege,
1113 2943 1168 2993 255

239 3019 282 3077 dn
305 3014 402 3074 nescis
424 3013 528 3091 longas
549 3015 673 3092 regibus
696 3033 760 3076 esse
783 3018 910 3077 manus?

263 3251 322 3301 226.
340 3248 408 3301 Msc.
427 3254 528 3300 nostro.
598 3252 657 3301 241,
677 3252 728 3302 Ov.
749 3268 772 3302 e.
790 3254 869 3307 Pont.
888 3254 912 3315 I,
930 3254 955 3315 8,
976 3254 1017 3304 71.

247 3318 288 3368 Ah
305 3317 419 3368 nimium
438 3322 490 3381 est,
510 3317 590 3383 quod,
611 3318 705 3382 amice,
725 3321 812 3383 petis!
831 3319 1003 3372 moderatius
1021 3326 1103 3387 opta:

193 3388 253 3438 aot,
276 3385 343 3438 Mae,
362 3384 464 3449 repetit
482 3385 616 3451 anchora,
642 3387 702 3436 eine
721 3402 817 3449 sensu,
840 3404 890 3453 pro
909 3404 963 3453 qna
981 3390 1164 3454 scripsimua=
1244 3399 1245 3440 ξ

192 3454 296 3512 vlemen.
367 3453 426 3504 256.
445 3451 539 3504 Ovidii
558 3453 839 3518 esiHereid.XV11,
858 3457 915 3507 166.
