2509 3917
407 199 469 250 nio.
489 182 541 251 m.
578 219 605 252 v.
623 204 769 254 sar-scs.
1028 204 1070 267 89

89 351 195 413 Patri?
220 350 298 420 Nou,
322 358 373 410 tua
395 350 572 429 projicietur
594 355 626 412 iu
650 372 720 414 arva
742 353 798 415 suh
820 357 886 417 istis

138 437 245 498 Corsis
270 444 301 495 et
323 434 450 496 canibus
474 435 667 497 dilacerando
691 456 771 498 caro.

90 521 156 582 Nec
179 538 275 589 mora,
300 517 403 596 regale
427 518 598 596 percellens
621 522 747 599 cuspide
770 530 882 600 guttur,

136 604 221 664 Haec
244 603 282 663 de
304 600 437 663 Patrocli
458 605 577 673 iuuere,
601 604 684 673 dixit,
709 605 802 674 habe;
1026 616 1083 665 540

91 689 132 749 Et
154 688 193 748 de
216 686 377 749 funeribus
400 686 475 758 aliis,
500 706 578 767 qnae
600 690 681 749 misit
704 689 741 749 ad
764 699 867 752 amue's

137 772 162 832 E
185 773 300 832 nostris
321 770 444 850 populis
467 771 542 833 haec
565 779 615 832 tua
638 773 743 835 dextra
766 773 875 854 Stygis

91 857 225 936 Palpitat
247 856 299 915 hic
322 857 515 935 animamque
536 874 659 917 romeus
681 858 713 918 in
736 860 880 937 sauguine

137 940 183 1002 hd
206 939 423 1017 Phlegetontea
445 942 564 1017 cogitur
586 943 633 1001 ire
655 941 738 1002 rada.

90 1024 220 1087 infelix!
245 1033 357 1102 quauta
381 1021 497 1099 glossae
518 1026 629 1085 virtute
653 1029 779 1102 parasti!
1023 1032 1077 1083 545

136 1109 220 1180 Quas
241 1107 299 1169 tibi
322 1106 445 1168 delicias
467 1106 569 1169 fratris
593 1110 688 1170 amica
710 1109 806 1172 dedit!

94 1192 171 1263 Quis
194 1199 291 1253 status
315 1197 361 1253 est
384 1189 496 1261 mundi,
520 1193 762 1270 meretrixquae
785 1195 874 1272 digna
899 1195 1025 1254 cremari

136 1278 197 1338 Tot
221 1275 293 1336 iecit
314 1292 459 1355 proceres
482 1284 584 1355 totque
605 1278 707 1355 perire
730 1278 838 1346 duces;

89 1361 129 1422 Et
151 1379 213 1422 nou
236 1361 366 1420 inritos?
388 1359 482 1419 Video
504 1358 584 1439 quod
607 1369 715 1438 sponte
738 1360 883 1422 subibant

137 1444 251 1506 Bellica
275 1443 404 1521 suplicia
426 1461 483 1523 pro
506 1443 634 1504 muliere
657 1444 744 1504 mala.
1023 1449 1076 1498 tao

91 1528 236 1590 Exultant
258 1529 366 1598 Danai,
391 1526 549 1607 deplorant
571 1515 700 1587 Hectora
723 1525 829 1586 Troes*

136 1612 313 1690 Plangendo
337 1611 430 1672 celeri
452 1610 631 1671 consuluere
655 1610 752 1687 fugae.

94 1697 210 1758 Graeca
234 1696 368 1777 phalanx
390 1696 534 1774 sequitur,
559 1694 595 1755 ad
618 1703 735 1773 portam
758 1694 897 1755 Memnon
921 1691 1030 1752 eisdem

135 1780 245 1843 Obviat
269 1788 300 1841 et
321 1779 457 1859 Phrygii,
481 1796 580 1858 pugna
603 1780 637 1838 iit
659 1780 736 1838 acris
757 1776 810 1839 ibi.

93 1865 211 1926 Mixtim
235 1863 415 1933 caeduntur,
431 1862 560 1923 >taudem
582 1880 642 1922 uox
665 1861 761 1922 sidera
785 1861 899 1940 spargit
1023 1866 1073 1915 555

134 1947 255 2009 Bellum
279 1948 455 2027 compescit,
477 1949 510 2008 iu
534 1965 586 2006 sua
610 1949 736 2025 quisque
758 1946 847 2007 redit.

143 2093 324 2150 ACHILLES
345 2092 474 2147 OCCISO
492 2090 666 2146 HECTORE
683 2089 796 2145 REDIT
814 2090 854 2143 IN
871 2086 1020 2143 CASTRA.

97 2199 224 2261 Saucius
248 2208 278 2260 et
299 2200 399 2259 fessus
422 2200 452 2257 in
475 2205 572 2257 castra
595 2215 734 2257 reversus
755 2193 891 2263 Achilles,

139 2285 306 2346 Corruerat
329 2283 471 2359 quoniam
496 2281 643 2341 maximus
665 2280 767 2348 hostis,
790 2288 865 2338 orat.

94 2368 172 2429 Dicit
195 2367 349 2428 Homerus
373 2373 442 2426 eum
464 2367 590 2424 traxisse
612 2381 669 2442 per
691 2381 758 2424 arva
780 2359 927 2422 misellum

136 2452 224 2512 anti
246 2449 398 2530 majorum
422 2448 586 2508 circuendo
609 2448 718 2515 locum,
783 2492 785 2496 Α
1018 2449 1070 2499 aso

92 2534 264 2614 Praecipue
286 2551 360 2594 vero
383 2531 522 2606 Patrocli,
547 2531 633 2609 cujus
655 2528 798 2590 Achillem

134 2620 217 2679 Mors
240 2619 332 2678 nimis
355 2618 483 2684 exussit;
507 2616 605 2676 lenior
627 2614 697 2674 iude
718 2613 781 2682 fuit,

93 2700 256 2780 Quumque
279 2699 391 2763 malum
415 2707 539 2778 propter
562 2696 639 2758 mala
661 2694 753 2757 multa
775 2695 925 2774 receperit
946 2695 1036 2756 imum

56 2854 57 2857 Ἴ
134 2785 180 2847 1111
203 2784 363 2865 probrosis
385 2782 592 2862 impejoraudo
615 2782 703 2841 notis.

159 2939 209 2988 537
230 2950 271 3000 sq.
290 2935 444 3000 Epitomat.
462 2934 523 2984 997.
541 2933 574 2983 98

197 3003 238 3053 'l'e
256 3017 325 3052 vero
344 3001 497 3064 tristesque
515 2999 590 3049 ferae
608 3001 777 3062 cunctaeque
794 2999 919 3049 volucres

194 3070 358 3135 Deripient,
379 3066 509 3130 avidique
528 3082 612 3117 canes
632 3073 681 3118 tuo
698 3067 806 3116 viscera
824 3068 945 3130 pascent.

92 3138 149 3187 542.
170 3137 262 3202 stygis
290 3151 340 3202 pro
371 3135 430 3184 cod.
453 3140 559 3199 stygos.
645 3134 703 3183 545.
722 3132 814 3182 Glosa.
835 3131 940 3184 Glossis
963 3132 1068 3190 femina

91 3203 167 3255 clara
185 3206 250 3254 fuit.
263 3230 297 3238 -
309 3200 424 3252 Helena
435 3215 504 3250 uxor
518 3201 612 3251 fratris
625 3199 743 3263 Paridis.
794 3201 852 3253 556.
865 3199 985 3264 Epitom.
1002 3208 1067 3259 1007

211 3273 373 3321 Laetantur
391 3268 495 3329 Danai,
515 3266 652 3332 plangunt
671 3282 721 3317 sua
738 3267 838 3318 funera
856 3268 943 3317 Troes

91 3338 150 3387 555.
170 3337 223 3388 Ov.
242 3336 313 3386 Met.
332 3349 388 3385 nox
407 3334 515 3384 coelum
533 3341 676 3399 sparserat
694 3334 786 3385 ostris.
855 3336 912 3387 559.
930 3336 1069 3399 Homerus

89 3404 110 3453 i.
129 3419 151 3454 e.
170 3404 295 3470 Epitom.
316 3419 342 3454 v.
360 3403 429 3452 1010
446 3415 507 3465 sqq.
525 3401 595 3453 haec
613 3406 717 3452 narrat.
787 3403 844 3457 569,
863 3405 982 3459 excessit
999 3427 1068 3464 mar.

90 3470 165 3534 ginis
183 3470 312 3523 scholion
329 3483 393 3535 per:
413 3469 631 3532 „conturbavit“
651 3468 811 3534 explicatur.
