2509 3917
176 219 220 283 26
496 219 561 270 Lib.
579 219 602 273 I.
639 235 663 270 v.
682 220 825 271 465-499.

179 372 235 434 llic
256 389 339 433 mera
362 369 495 443 libertas,
518 370 566 431 hio
587 388 658 431 vera
682 369 832 449 pericula;
855 386 956 448 quare,
1097 372 1155 422 465

222 455 317 527 Quam
339 455 405 517 fleri
427 473 541 526 servus,
566 456 626 516 otia
649 453 727 515 malo
750 455 843 532 sequi.

178 540 316 603 Libertas
338 557 393 620 per
416 539 504 602 dulce
526 538 640 600 bonum
664 537 741 599 bona
764 545 863 599 cetera
887 534 998 605 condit,

223 626 295 697 tlua,
319 626 370 702 qui
393 624 475 685 dives
497 626 563 693 erit,
588 623 678 684 ditior
700 640 765 683 esse
788 621 901 701 nequit.

340 803 501 859 PRIAMUS
517 803 698 858 PANTHUM
715 797 984 857 REPREHENDIT.

179 929 216 989 dt
238 929 373 990 Priamus
395 924 476 987 bello
498 926 607 1004 gaudet
629 933 799 987 constanter
822 931 852 985 et
873 930 961 1001 urget

221 1007 413 1091 Propositum
435 1013 544 1071 mentis
567 1010 761 1090 enucleatque
783 1027 879 1070 suum.
1100 1011 1156 1060 470
1199 1066 1203 1070 .

181 1098 258 1165 Non,
281 1096 331 1164 ait,
354 1095 385 1155 in
407 1101 509 1155 mente
532 1098 678 1156 constanti
701 1092 758 1155 tela
781 1095 896 1154 timoris

223 1177 373 1248 Fabricat,
396 1180 428 1237 in
450 1179 549 1256 fragili
572 1178 653 1240 bubo
675 1178 820 1259 propbeta
843 1175 923 1237 mali.

179 1263 241 1326 Nos
261 1266 353 1324 istum
377 1272 480 1334 vatem,
504 1280 558 1323 nos
580 1281 688 1325 vanum
711 1263 880 1341 spernimus
903 1276 1002 1328 omne,

223 1347 322 1408 Solius
345 1354 392 1407 est
413 1346 568 1444 proprium
591 1350 671 1408 scire
691 1348 793 1407 futura
815 1345 873 1405 dei
922 1401 926 1406 ,

180 1432 276 1512 Saepe
298 1432 487 1509 fatigamur'
479 1448 509 1491 in
531 1429 641 1501 multis,
665 1448 754 1529 saepe
776 1429 900 1490 molesta
1103 1430 1158 1481 475

224 1517 359 1577 Sustinet
380 1533 395 1575 a
419 1516 541 1577 Graecis
563 1514 655 1594 'l'roja
676 1517 802 1574 remissa
826 1509 924 1573 minis.

179 1600 312 1661 Exsonat
331 1598 460 1660 vindicta
482 1617 598 1672 manus,
622 1600 824 1658 constanter
817 1615 846 1656 m
869 1594 919 1656 illa

225 1685 408 1752 Perstemus,
431 1701 521 1763 quam
542 1685 602 1743 iarn
624 1685 777 1759 coepimus
798 1682 843 1741 ire
865 1682 952 1740 viam.

176 1766 280 1845 Turpe
301 1767 416 1825 reterre
439 1765 556 1843 pedem,
580 1783 636 1827 nec
659 1784 748 1845 passu
771 1774 851 1826 stare
874 1765 983 1831 tenaci,

222 1850 324 1927 Turpe
346 1849 438 1908 semel
462 1856 572 1909 tactum
594 1851 798 1926 postposuisse
819 1846 927 1910 locum.
1104 1851 1159 1900 480

177 1935 238 1994 Aut
260 1949 412 2010 nunquam
431 1940 533 1993 tentes
555 1941 605 1992 aut
627 1932 745 2011 pertice.
790 1932 896 1993 Nonne
919 1930 1096 2008 loquentur,

222 2016 330 2076 Troica
353 2015 536 2076 Graecorum
558 2024 691 2076 transeat
713 2015 798 2077 hasta
817 2015 913 2094 jecur.

178 2099 270 2161 Audit
292 2106 323 2159 et
344 2097 401 2158 hoc
424 2098 514 2160 audet
535 2116 699 2178 ausumque
722 2098 883 2160 sonoribus
905 2104 1004 2175 auget,

223 2183 261 2243 Et
285 2179 370 2244 ducis
394 2182 490 2242 edicto
512 2182 601 2261 TroJ'a
623 2192 727 2259 parata
749 2184 836 2243 lavet.

177 2266 265 2328 Tolle
287 2283 395 2335 moras,
419 2266 511 2336 aiunt,
535 2267 637 2325 nocuit
659 2266 779 2326 differre
802 2266 930 2344 paratis;
1106 2270 1160 2320 485
1249 2261 1250 2312 l

222 2350 383 2412 Dimidium
406 2350 475 2410 iacti
498 2351 548 2427 qui
572 2348 649 2409 bene
671 2350 778 2425 coepit,
802 2347 901 2408 babet.

180 2434 298 2497 Decreti
320 2433 404 2494 trabe
427 2435 490 2494 vela
513 2433 567 2507 tui,
590 2431 755 2511 peribimus
777 2449 890 2500 omnes,

223 2519 318 2579 Ollert
339 2536 372 2578 se
395 2524 462 2577 voto
485 2518 580 2593 patria
603 2522 664 2574 tota
687 2523 745 2574 tun.

177 2602 286 2661 Grates
307 2619 360 2660 rex
383 2602 500 2697 peragit
522 2606 552 2657 et
575 2605 692 2657 coetum
716 2600 822 2658 concio
845 2597 941 2658 solvit.

221 2684 366 2745 Insistunt
389 2684 484 2759 operi,
507 2681 541 2740 lit
562 2698 646 2740 mora
669 2679 750 2740 nulla
772 2680 862 2741 labri.
1106 2691 1161 2739 490

179 2766 385 2828 Procumbunt
406 2767 520 2843 piceae,
545 2771 631 2823 sonat
652 2766 711 2823 icta
734 2763 889 2824 securibus
911 2763 982 2835 ilex,

225 2851 316 2911 Conni
338 2855 512 2908 sternuntur
535 2847 748 2924 fraxineaeque
771 2847 879 2908 trabes

247 3017 306 3068 465.
325 3015 484 3079 emergine
503 3028 552 3079 pro
570 3014 676 3064 misere.
744 3012 803 3064 465.
820 3011 908 3067 Αιιοιι.
926 3012 1025 3064 Nevel.
1044 3031 1073 3080 p.
1096 3017 1160 3075 595,
1249 3015 1250 3022 ’

177 3100 205 3138 v.
223 3085 248 3133 9.
334 3083 393 3134 468
411 3083 499 3134 Aaron.
521 3079 618 3131 Nerei.
642 3095 668 3144 p.
693 3080 743 3128 595
761 3092 786 3130 ν.
805 3079 847 3128 19.
936 3080 996 3135 474.
1014 3081 1161 3147 Pamphil.
1249 3107 1250 3128 .

178 3148 291 3211 XXXV,
310 3152 335 3203 9.
387 3151 446 3200 479.
464 3147 558 3199 Ovidii
576 3152 618 3197 est
637 3162 671 3196 ex
682 3147 763 3195 Pont.
775 3144 812 3207 11,
826 3146 850 3206 6,
861 3147 904 3195 91.
954 3148 1017 3197 480.
1028 3148 1160 3201 Imitatio

179 3215 260 3267 ovid.
279 3186 345 3271 i’bid.
363 3231 390 3267 v.
410 3217 443 3266 99
460 3215 551 3281 Turpe
569 3213 745 3264 laborantem
763 3181 919 3262 deseruisse
937 3216 1039 3268 ratem.

177 3285 238 3338 481
257 3283 360 3334 Similis
379 3282 459 3338 Ovid
476 3283 530 3333 Ara
547 3281 606 3330 Am.
624 3280 647 3342 I,
666 3280 716 3328 989

426 3350 482 3401 Aut
500 3364 555 3399 non
573 3346 701 3406 tenteris,
720 3348 768 3394 eut
785 3342 895 3409 perfice.

177 3418 237 3468 485.
255 3419 362 3468 Lucan.
382 3417 405 3482 1,
424 3420 483 3470 981.
534 3414 593 3465 486.
609 3412 676 3461 Ηοι
694 3410 745 3475 Ep.
764 3411 785 3472 Ι,
803 3412 828 3469 9,
845 3413 888 3460 40.
908 3410 1002 3462 dimid.
1021 3417 1073 3479 qui
1092 3431 1160 3467 coe-

178 3485 221 3549 pit
237 3482 332 3536 hebet.
404 3487 462 3536 491.
482 3486 524 3536 99.
542 3478 655 3544 Virgilii
672 3428 792 3527 imitatio
811 3476 880 3530 Aen.
897 3477 946 3528 VI
966 3480 1107 3535 180181
