2509 3917
423 273 486 325 nio.
505 277 536 325 2.
565 291 591 327 v.
609 278 753 328 222-223.
1011 276 1073 341 139

141 424 247 486 Gelani
269 425 443 487 aethereum
467 425 579 505 spicula
602 428 694 488 densa
717 445 835 506 rogum.

93 508 317 589 Quadrupedes
338 507 451 571 iulrum
474 511 616 572 mandunt
639 510 696 572 sub
719 513 858 574 dentibus
881 532 986 576 aurum
1020 525 1070 573 222

143 593 182 653 Et
203 602 329 655 verrunt
348 593 475 673 podibus
497 596 687 674 impatienter
710 595 845 672 humum,

95 677 274 739 Horrisonis
296 695 402 738 222222
423 679 549 756 implent
571 679 739 740 hinnitibus
762 700 864 751 auram

144 761 299 841 Tanquam
321 762 500 841 cornipedes
522 761 598 823 bella
621 766 705 825 sitire
727 773 824 844 putes.

96 842 172 905 Vela
195 844 304 917 lerant,
327 847 458 923 aquilas:
482 848 593 914 2222122,
617 849 711 927 quatit
735 866 806 910 aura
830 847 969 920 22122222,

143 930 202 990 Η22
225 932 325 992 rideas
347 930 487 1009 gryphes,
510 931 559 991 hio
581 930 706 992 volitare
729 950 829 1011 grues.
1020 944 1071 992 232

96 1014 139 1075 82
162 1014 396 1093 rapiuntacies,
419 1014 605 1076 contundunt
628 1016 750 1077 ensibus
773 1036 860 1078 enses

142 1099 196 1159 1122
218 1100 370 1177 percurrit
391 1098 503 1167 122222,
527 1117 631 1159 mucro
653 1099 761 1177 gulam.

97 1183 143 1243 Ex
168 1200 203 1241 re
225 1199 296 1243 num
320 1201 429 1242 nomen
453 1182 561 1244 haheat
582 1182 627 1243 221
651 1194 735 1246 acuta
758 1187 882 1254 securis,

145 1269 168 1328 d
193 1284 263 1327 2222
284 1265 454 1335 descendat,
478 1286 544 1327 2222
567 1276 700 1329 22222222
723 1278 812 1330 secat.

98 1355 138 1411 At
160 1350 275 1411 medias
296 1354 376 1411 inter
399 1353 477 1411 acies
499 1350 611 1412 exultat
633 1355 772 1420 Amazon,

146 1434 295 1513 Accipiter
318 1434 433 1495 medias
457 1442 488 1494 ut
509 1436 588 1495 volat
609 1437 687 1495 inter
711 1454 788 1496 2222.

100 1516 214 1596 licjicit
234 1518 284 1580 hic
305 1522 401 1596 Argos
424 1525 453 1578 22
475 1521 620 1598 sanguine
644 1518 785 1597 compluit
806 1536 903 1596 agros,

144 1601 276 1664 Ensibus
297 1602 466 1664 obstructas
488 1604 610 1681 ampliat
633 1620 702 1663 ense
726 1604 797 1664 2222.

98 1689 218 1765 Aspera
240 1687 358 1748 durarit
375 1685 536 1766 aliquantis
558 1705 657 1766 pugna
680 1686 793 1753 diebus.

148 1770 186 1831 Et
206 1771 312 1849 plures
334 1773 423 1831 morti
446 1779 516 1832 sunt
536 1770 696 1850 utrobique
719 1772 791 1832 dati.

100 1854 291 1916 Penthesilea
313 1856 377 1916 dies
399 1858 430 1915 22
453 1872 551 1932 pugna
574 1856 693 1916 coniicit
716 1872 819 1915 omnes

144 1938 183 1998 Et
205 1938 324 2000 denium
348 1939 479 2000 Graecos
501 1941 532 1998 in
555 1957 605 2000 sua
629 1948 725 2000 222222
748 1940 840 2017 lugat.

98 2023 139 2085 tn
162 2025 222 2083 nisi
244 2025 453 2101 magnanimus
475 2022 633 2084 Diomedes
655 2022 758 2083 obvius
782 2027 861 2090 isset,

88 2148 91 2153 -
145 2106 277 2168 Navibus
299 2115 329 2167 et
350 2109 457 2168 2222222
478 2106 581 2167 ultima
605 2107 674 2169 luna
697 2107 784 2166 foret.

97 2191 227 2252 12221222
249 2190 393 2251 mundum
415 2209 474 2251 nox
497 2191 630 2259 humida,
654 2207 753 2269 pugna
776 2191 914 2269 quiescit,
1003 2198 1072 2256 ,245

145 2275 290 2353 Pergama
313 2293 380 2336 cum
403 2274 572 2354 Phrygibus
594 2272 780 2335 Penthesilea
803 2272 908 2334 subit(

359 2437 511 2508 [PYRRHI
528 2435 786 2506 nucimento]
795 2437 824 2502 ⁴³)

97 2541 154 2604 Α12
179 2540 323 2621 puellaris
345 2541 451 2604 mediis
472 2544 603 2621 inprime
626 2540 732 2602 diebus

145 2626 279 2687 Graecos
301 2628 330 2686 io
354 2626 431 2687 bella
454 2644 526 2686 2222
549 2627 696 2704 minisque
720 2633 812 2686 vocat.

102 2711 221 2772 Graeca
244 2719 360 2772 caterva
384 2709 460 2778 silet,
484 2710 579 2771 munit
600 2711 720 2776 1222222,
743 2710 877 2788 quiescit,

149 2794 251 2855 donec
274 2803 334 2854 tem
357 2793 471 2874 Pyrrhe
495 2810 582 2870 quam
605 2792 737 2853 Menelae
759 2794 855 2854 renis!
1022 2802 1074 2851 222

102 2878 169 2938 Rex
193 2880 233 2938 ita
256 2877 416 2939 mandarit.
441 2879 577 2942 Veniunt.
609 2877 800 2957 Pyrrhnsque
822 2876 968 2955 regendos

144 2962 351 3041 Myrmidones
375 2963 483 3041 recipit
505 2959 704 3041 nobiliterque
726 2962 813 3039 regit.

102 3044 258 3107 Flebiliter
280 3046 374 3125 patris
397 3063 478 3105 arma
501 3044 579 3104 12222
600 3045 724 3123 visoque
746 3045 885 3124 sepulcro

171 3215 232 3266 2222.
250 3213 327 3278 Virg.
346 3213 415 3263 Aen.
434 3212 495 3274 VII,
512 3213 570 3262 279.
672 3211 732 3264 226.
751 3227 818 3263 verr.
835 3211 909 3263 hum.
927 3217 959 3262 ni
977 3210 1074 3262 Latini

101 3284 202 3346 poetae
220 3295 295 3331 verr.
313 3294 446 3345 aequora.
516 3280 574 3328 229.
593 3278 683 3333 Sobol.
701 3277 787 3343 Signa
806 3286 884 3330 erant
901 3278 1074 3331 vexillorum.

102 3351 163 3400 236.
182 3347 234 3397 02.
253 3347 320 3398 Mei.
338 3345 373 3408 V,
392 3348 442 3397 6116

209 3414 247 3466 ut
264 3413 336 3466 solet
354 3414 491 3478 accipiter
508 3413 629 3478 trepidas
649 3414 756 3478 agitare
776 3413 927 3465 columbas.

171 3484 198 3545 *)
233 3482 267 3532 In
296 3480 435 3546 margine:
470 3483 624 3531 Amazones
651 3481 766 3531 Graecis
796 3495 850 3529 non
879 3479 1074 3530 resistentibus

103 3550 239 3601 clamant.
