2509 3917
505 213 657 264 Praefatio.
1010 229 1075 276 χιχ

97 365 201 426 censis
222 365 326 437 latent,
350 381 439 442 saepe
460 362 545 426 locus
567 367 652 444 apice
675 366 835 444 insignitus
857 384 1004 447 nusquam
1027 370 1074 427 in·

101 451 198 510 veniri
225 456 358 527 poterat,
387 459 491 509 contra
515 447 606 510 multi
636 450 686 510 alii
714 448 771 510 ioci
801 452 866 511 sine
889 450 1024 529 apicibus
1046 462 1075 510 et

100 534 224 614 punctis
239 531 470 611 aliuscujusdam
485 534 644 614 scriptoris
660 544 754 595 erant.
788 533 937 605 Quantum
955 546 1075 616 potera·

101 637 180 687 mus,
198 635 285 678 suum
295 618 403 694 cuique
415 617 549 680 tribuere
561 620 750 679 tentavimus.
772 617 990 691 lnMaximiani,
1003 620 1074 700 Epi·

101 703 260 764 tomatoris
281 700 468 781 aliorumque
492 699 676 763 carminibus
698 704 746 764 nsi
762 721 863 765 sumus
880 703 1076 765 Wernsdordi

9 775 11 846 ἶ
101 788 201 867 poetis
233 785 416 861 minoribus,
456 783 577 848 Aianum
612 788 777 848 secundum
810 787 971 850 editionem
1004 792 1075 850 Ant·

103 872 284 948 werpianam
316 868 451 951 ([Aiani]
485 870 697 951 Cyclopaediae
730 871 948 935 Antiniaudiani
980 892 1004 934 s.
1038 874 1075 933 de

9 975 10 994 ¹
104 955 205 1017 oiiicio
233 956 289 1015 viri
319 954 390 1016 boni
420 953 488 1015 libri
511 954 558 1016 ΙΧ.
582 957 731 1036 Antwerp.
757 952 863 1036 1611),
887 956 1074 1035 Pamphilum

9 1071 10 1092 1
104 1051 138 1100 et
158 1040 326 1116 Benignum
348 1038 566 1101 Floriaeensem
587 1040 754 1101 secundum
769 1040 888 1111 „Ovidii
910 1043 1023 1102 erotica
1047 1054 1076 1103 et

9 1153 10 1156 ¹
103 1125 250 1185 amatoria
273 1121 413 1202 opuscula
436 1124 573 1186 Francos.
598 1121 711 1194 1610“,
734 1128 921 1205 Anonymum
942 1124 1075 1187 Neveleti

104 1228 162 1270 ex:
192 1207 393 1287 „biytbologia
420 1211 565 1289 Aesopica
592 1225 640 1286 op.
672 1210 699 1270 J.
723 1209 758 1270 N.
781 1208 914 1270 Neveieti
935 1210 1072 1271 Franeoi.

9 1303 10 1306 ’
107 1288 223 1363 1610“,
246 1289 418 1354 Guaiterum
441 1292 605 1354 secundum
627 1293 789 1354 editionem
810 1293 1074 1371 lngolstadiensem

9 1387 11 1434 ῑ
105 1377 178 1437 anni
201 1373 298 1445 1541,
328 1384 499 1456 comparata
520 1376 689 1439 Muldeneri
716 1377 847 1438 editione
871 1380 1074 1440 excitavimus.

9 1521 11 1528 ,
193 1461 320 1522 Textum
343 1461 464 1534 codidie,
489 1464 622 1541 exceptis
644 1464 748 1541 paucis
769 1464 936 1523 necessarie
959 1473 1075 1524 mutan·

9 1605 11 1616 ‚
107 1545 154 1606 dis
176 1544 261 1616 loeis,
283 1546 433 1622 integrum
455 1546 601 1607 dedimus.

194 1629 274 1690 Haec
295 1630 358 1690 fere
379 1639 458 1699 sunt,
482 1648 557 1710 quae
573 1628 609 1689 de
624 1630 781 1710 scriptore,
804 1629 917 1705 codice,
942 1630 1074 1692 editione

9 1693 11 1730 ¹
105 1714 236 1775 dicenda
255 1722 349 1774 erant.

195 1829 441 1913 Oidanburgi‚
464 1833 565 1893 Mense
589 1831 745 1893 decembri
768 1831 1014 1894 iidccccxxii.
1061 1903 1065 1908 ,

762 1964 984 2033 blerzderf.
