2509 3917
409 183 472 234 cn.
490 183 542 234 111.
576 198 603 235 v.
621 184 767 236 252-222.
1025 182 1073 246 19

101 334 241 414 Denique
262 352 323 395 non
345 351 464 412 semper
486 352 665 412 congressus
686 335 842 398 habendus
862 338 894 397 in
917 336 1035 398 bostem

143 419 248 480 Danda
271 419 391 495 quidem
413 419 558 480 membris
580 429 626 481 est
647 418 804 497 aliquando
826 423 919 500 quies.

99 502 194 564 Grata
215 504 248 563 lit
270 503 348 564 unda
371 505 431 574 siti,
454 504 576 583 requies
598 515 645 565 est
666 513 732 584 apta
755 503 860 574 labori,
1020 515 1070 563 255

146 586 277 648 vomere
299 589 442 649 continuo
463 586 539 649 lassa
562 591 690 649 senescit
712 588 835 657 humus:

98 667 187 739 Quae
209 678 293 733 earet
315 671 429 734 alterna
450 673 555 752 requie
577 690 637 733 non
661 672 749 733 durat
770 681 800 733 et
821 691 908 734 arcus

143 755 178 816 Si
200 773 353 835 nunquam
376 773 476 817 cesses
496 757 631 826 tendere,
654 755 751 818 lentus
773 760 840 822 erit.

97 839 152 900 Est
176 839 284 901 modus
306 842 338 901 in
361 840 462 912 rebus,
485 840 584 901 medio
606 842 772 902 tutissimo}
793 841 860 910 ibis.

141 923 248 1003 Serpit
268 923 352 985 humi
374 932 455 985 tutus
475 926 689 1003 interitumque
712 934 801 986 vetut.
1019 935 1070 984 esu

96 1008 132 1068 ln
155 1008 275 1069 feritate
296 1009 378 1069 ieras
400 1008 498 1071 docuit
523 1018 628 1071 natura
651 1028 782 1080 manere,

141 1092 185 1154 Ut
207 1092 301 1153 dictat
322 1095 409 1164 ratio,
430 1096 530 1155 virere
553 1093 643 1155 debet
664 1093 761 1155 homo.

98 1175 219 1237 Nobilis
240 1178 273 1236 in
295 1195 367 1256 rege
389 1179 557 1249 elementia,
580 1196 656 1258 quae
679 1179 756 1249 lacit,
780 1178 845 1258 ejus

139 1260 180 1321 Ut
203 1278 288 1321 mens
309 1261 435 1323 ducatur
458 1261 493 1323 ad
517 1265 639 1341 pietatis
654 1278 747 1341 opus.

96 1341 235 1405 Dicimus
255 1344 314 1406 boc
335 1349 476 1425 quoniam
500 1365 673 1425 magnorum
697 1364 802 1425 magna
826 1347 955 1408 virorum
1016 1356 1067 1405 225

139 1429 220 1490 Sunt
240 1430 273 1488 in
296 1430 436 1510 despecto
458 1431 591 1493 membra
614 1429 710 1493 locata
732 1430 810 1495 loco.

96 1511 194 1574 immo
216 1530 271 1573 suo
293 1524 432 1595 corrupta
454 1515 555 1596 jacent
575 1516 605 1574 iu
629 1515 787 1592 sanguine;
812 1532 910 1574 nonne

138 1597 224 1658 llaec
247 1598 322 1659 mala
344 1618 400 1679 pro
421 1600 535 1678 patriae
556 1599 725 1660 sustinuere
745 1598 822 1659 ilde?

96 1680 187 1742 Nunc
209 1682 362 1744 inhumata
381 1683 482 1764 jacent
489 1705 497 1755 ;
520 1685 579 1744 erit
601 1683 649 1744 his
671 1683 745 1744 baec
767 1682 870 1744 ultima
893 1699 1016 1752 merces,

139 1765 228 1836 Quod
250 1766 356 1829 rabido
378 1767 486 1829 rodent
508 1786 635 1849 corpora
657 1767 745 1829 dente
767 1768 874 1828 canes?
1017 1776 1067 1825 210

95 1849 150 1911 Est
173 1868 209 1910 ea
231 1868 288 1928 pro
310 1853 421 1913 nostris
442 1858 556 1914 122122]
580 1853 786 1929 querimonia?
818 1851 915 1912 Vestri

141 1932 279 2004 Quibunt
300 1943 333 1996 ut
354 1938 449 1997 nostri
472 1936 539 1996 tabe
562 1939 663 2013 perire
686 1938 760 2015 pari.

96 2017 217 2079 Debent
237 2020 395 2081 funeribus
416 2021 539 2100 sepeliri
558 2022 626 2100 jure
649 2021 778 2098 decoris,

138 2103 201 2164 Pro
224 2102 355 2165 dominis
377 2107 465 2165 vitam
487 2107 538 2185 qni
560 2123 688 2185 posuere
710 2123 804 2165 suam.

96 2185 178 2263 Ergo
201 2205 273 2266 para
295 2191 403 2249 nocuis
423 2190 552 2259 frenum,
576 2192 643 2250 rexi
666 2189 771 2249 indere
793 2185 888 2257 bellis,
1015 2196 1065 2245 215

139 2269 271 2332 Ultimus
293 2279 326 2334 ut
346 2273 439 2333 solvat
460 2284 576 2334 mortua
598 2273 732 2335 membra
755 2274 848 2342 eicis;

95 2353 132 2414 Et
153 2357 210 2432 qui
231 2356 290 2417 iam
314 2356 416 2418 multis
439 2355 549 2419 bellum
572 2367 696 2419 tenuere
719 2355 825 2415 diebus

137 2439 273 2500 Pausent
294 2450 325 2501 et
346 2440 415 2502 laeti
439 2441 514 2502 douo
537 2444 647 2522 quietis
669 2448 767 2518 agant.

96 2521 127 2582 si
150 2525 282 2603 spatium
305 2543 358 2586 rex
380 2527 458 2586 scire
482 2525 563 2595 velis,
587 2533 646 2586 stet
667 2543 724 2604 pax
746 2523 842 2584 tribus
864 2523 958 2592 arinis,

137 2607 309 2669 Decurrent
329 2608 371 2670 illi
395 2618 530 2690 tempore
553 2609 636 2671 valde
658 2607 751 2670 brevi.
1014 2617 1066 2667 280

163 2777 226 2826 255.
245 2780 274 2824 21
290 2792 340 2841 pro
359 2792 398 2832 as.
434 2778 484 2828 Or.
504 2780 571 2830 Met.
588 2777 655 2838 vn,
675 2779 724 2829 812
747 2776 856 2842 requies
880 2781 941 2826 erat
953 2774 1007 2825 ‘iila
1025 2775 1066 2825 ia·

95 2840 163 2892 bori.
236 2844 296 2893 256.
315 2844 367 2898 Or.
379 2846 468 2896 Amor.
481 2846 533 2907 111,
546 2847 588 2896 82.
608 2845 742 2895 continua
753 2857 841 2894 messe
854 2843 977 2893 senescit
988 2859 1065 2908 agar.
1138 2898 1139 2901 Ἴ

93 2910 152 2959 267.
173 2908 226 2961 02.
245 2910 312 2961 Her.
330 2911 378 2974 IV,
397 2913 438 2963 89.
1107 2924 1109 2928 “

284 2978 365 3040 Quod
383 2995 438 3028 car.
456 2978 506 3029 alt.
523 2992 588 3045 req..
607 2978 732 3028 durabile
750 2993 805 3028 uon
823 2981 875 3031 221.

95 3042 153 3093 258.
174 3041 227 3095 Ov.
246 3044 490 3108 lucraremur,
509 3061 531 3096 2.
550 3061 577 3095 n.
596 3061 620 3096 c.
639 3051 660 3101 1,
679 3044 770 3096 mollis
789 3061 813 3095 e.
882 3046 940 3097 2119.
958 3060 1066 3109 compo·

96 3109 167 3161 situs
195 3127 231 3162 ax
253 3113 353 3164 Horat.
377 3112 464 3165 Serm.
482 3114 509 3173 1,
532 3115 563 3177 1,
582 3115 632 3164 106
659 3117 688 3164 et
710 3112 791 3163 Orid.
814 3113 988 3175 1121212211,
1007 3113 1064 3163 137.

95 3176 155 3230 260.
173 3177 240 3230 Hor.
258 3181 292 3231 A.
308 3180 342 3230 P.
361 3182 403 3231 28.
421 3179 450 3234 S.
467 3179 494 3230 h.
512 3187 533 3231 1.
551 3181 665 3231 nimium
683 3180 851 3246 timidusque
869 3179 1019 3245 procellae.
1032 3205 1063 3215 —-

96 3247 245 3338 ratatupro
268 3246 330 3300 eod.
353 3248 437 3312 volat
522 3249 582 3299 2'l2.
601 3245 701 3312 „pari“
723 3248 868 3329 marginis,
895 3262 943 3312 pro
962 3247 1064 3297 codicia

96 3316 174 3428 ’e'grlm
194 3316 347 3434 immiti&
366 3331 435 3381 para
457 3330 507 3381 pro
530 3315 589 3366 eod.
613 3331 691 3381 paro.
713 3315 848 3380 „nocu1s“
873 3330 888 3364 e
911 3328 997 3378 marg.
1015 3328 1064 3377 pro

113 3428 116 3432 .
150 3416 156 3428 ¹
175 3417 193 3444 2,
315 3417 322 3432 Ο
