2509 3917
398 218 460 269 Lib.
477 219 500 274 I.
536 236 561 275 v,
580 222 725 274 eet-518.

81 370 172 434 Nares
193 370 353 433 aedificant
376 370 550 450 crebrisque
573 372 755 452 bipennibus
775 375 896 444 instant,
978 429 985 448 ,

121 456 207 518 Horis
229 462 264 517 ut
287 455 431 518 brevibus
452 457 639 518 acceleretur
661 477 746 538 opus.

120 603 267 661 fluorem
284 603 465 659 MITTITUR
481 605 507 658 A
523 603 699 661 moturus
715 606 788 662 PRO
805 605 1003 662 Juvenum.

81 709 202 771 blittitur
223 713 342 770 interea
365 708 514 780 robustus,
538 710 667 789 colligat,
690 712 809 783 Hector,
995 722 1046 772 495

121 793 158 854 Ut
178 794 392 873 circumposita
415 793 451 855 de
473 797 597 873 regione
618 797 707 862 viros,

83 877 184 939 indicit
206 885 335 957 tempus,
359 878 455 955 quivis
476 888 509 939 ut
530 879 566 940 ad
589 896 671 939 arma
693 889 815 959 paratus

121 960 269 1042 Tempore
292 964 332 1023 sit
353 960 404 1023 tali
427 961 534 1025 bellica
557 965 639 1041 signa
662 967 756 1044 sequi.

83 1044 191 1106 Bellum
214 1046 382 1108 Cassandra
405 1046 503 1109 nitens
526 1065 643 1108 cassare
666 1049 800 1110 iuturnm
873 1045 875 1049 '

120 1128 189 1190 lnde
211 1130 265 1191 sed
288 1133 437 1192 incassum
459 1133 571 1210 promit
592 1140 622 1192 et
644 1135 708 1211 ipsa
731 1134 851 1194 malum.

83 1213 114 1274 Si
132 1214 283 1294 Phrygias,
309 1217 351 1276 ait
372 1213 431 1286 illa,
454 1226 533 1277 rates
556 1214 694 1277 bellando
716 1217 858 1295 Pelasgos

123 1297 263 1370 Senserit,
287 1300 364 1361 baec
385 1298 471 1361 nobis
494 1299 567 1362 ultio
590 1318 678 1362 casus
701 1304 766 1364 erit.

85 1382 224 1444 Convenit
245 1382 283 1444 ad
307 1390 426 1446 nostros
447 1385 554 1446 modus
576 1393 606 1446 et
626 1386 787 1464 prudentia
811 1403 926 1456 sensus,

122 1465 193 1527 Nam
215 1471 335 1547 provisa
359 1469 457 1530 minus
479 1470 537 1530 tela
559 1486 670 1530 nocere
692 1469 799 1531 solent.

85 1547 155 1619 Quid
176 1568 250 1630 rogo
272 1551 370 1615 laudis
392 1553 470 1622 eius;
495 1551 602 1614 mulier
624 1553 753 1632 lormosa
775 1570 906 1632 superne

124 1634 178 1695 Sed
201 1635 279 1697 male
303 1636 438 1716 formato,
452 1636 599 1698 claudicat
619 1636 669 1698 illa
691 1638 779 1714 pede.

87 1716 145 1778 Non
167 1737 271 1782 omnes
295 1723 417 1799 capiunt
438 1723 490 1801 qui
513 1729 643 1802 captant,
667 1741 755 1802 saepe
777 1722 911 1784 ridemus

125 1803 164 1863 Ex
185 1805 341 1885 inopinato
362 1804 493 1885 plaustra
515 1807 615 1885 perire
636 1809 722 1868 rotis.

85 1882 157 1954 Quid
178 1895 282 1952 contra
307 1889 423 1951 Danaos
445 1890 553 1952 suades
576 1894 763 1954 committere
784 1889 915 1953 bellnmi

32 1985 33 1996 ³
126 1970 284 2035 Consilium
308 1975 445 2051 sequitur
466 1973 565 2055 Trnjn,
589 1978 687 2045 ruina,
710 1975 831 2038 malum.

88 2051 176 2133 Saepe
197 2060 273 2118 mari
298 2059 415 2128 missus,
439 2066 473 2120 ut
494 2061 592 2138 pisces
614 2061 748 2129 auderat,
772 2060 877 2122 bamus

126 2138 260 2203 Perditur
285 2150 315 2203 et
336 2142 426 2205 salvis
447 2143 580 2222 piscibus
601 2163 669 2206 esca
692 2145 790 2206 datur.

264 2287 388 2343 nevus
406 2287 565 2345 mundun
582 2274 861 2345 runrrcruurnn.

92 2386 121 2447 ln
140 2396 218 2453 tanto
240 2411 345 2457 rerum
368 2397 496 2473 strepitu
517 2395 680 2473 mundique
703 2397 822 2473 iragore

129 2472 271 2556 Tempora
294 2485 488 2557 praetereunt
509 2497 593 2540 ruore
614 2479 736 2540 liuentis
759 2496 862 2558 aquae.

91 2554 238 2622 Perficitur
260 2561 371 2633 classis,
396 2563 492 2624 redita
515 2572 579 2625 rate
601 2564 676 2625 lassa
699 2562 841 2641 bipennis

130 2641 179 2704 Est
198 2645 378 2708 utensilibus
401 2665 535 2728 quaeque
557 2646 672 2728 repleta
694 2648 776 2709 ratis.

92 2720 220 2790 Sentinas
242 2739 370 2793 onerant
391 2731 497 2793 collata
520 2730 642 2802 cibaria,
664 2733 785 2813 jamque

130 2810 270 2891 Aequoris
293 2817 425 2878 insuetas
447 2831 555 2877 ancora
578 2814 682 2877 lambit
705 2833 803 2894 aquas.

96 2939 287 2959 Q„—

152 3030 209 3081 493.
226 3032 338 3099 Virgilii
356 3037 399 3085 est
416 3033 485 3086 Aen.
502 3034 539 3095 11,
558 3034 617 3084 627.
686 3035 744 3088 500.
763 3034 792 3082 in
810 3048 896 3098 marg.
915 3035 979 3099 quie
995 3048 1051 3085 non

96 3090 231 3149 audierunt
248 3116 319 3154 enm.
388 3102 447 3152 50³.
465 3100 602 3166 Pamphil.
621 3099 723 3164 LXIII,
742 3102 767 3151 5.

181 3163 317 3220 (lonvemt
334 3167 369 3218 ed
386 3171 493 3219 vestros
510 3167 607 3218 modus
625 3173 655 3217 et
672 3169 843 3219 moderantia
861 3183 967 3224 sensus.

97 3225 215 3288 505,v1n,
232 3235 298 3285 Hor.
317 3236 350 3286 A.
368 3236 401 3286 Ρ.
419 3237 444 3285 4.
513 3236 572 3287 bob.
591 3235 643 3289 Or.
661 3237 719 3286 Am.
737 3235 773 3298 11,
792 3236 833 3299 16,
851 3237 892 3287 20.

273 3303 407 3368 Turpiter
424 3301 535 3366 obliquo
554 3302 694 3353 claudicet
711 3303 760 3352 ille
777 3304 856 3368 pede.

99 3356 150 3410 510.
166 3365 250 3419 bnon.
266 3369 364 3421 Nerei.
383 3385 410 3434 p.
429 3371 488 3432 505,
508 3371 548 3433 18,
565 3369 652 3421 hebet

259 3435 412 3488 Consilium
430 3439 557 3501 sequitur
575 3441 653 3488 certe
671 3438 751 3487 ruine
768 3435 879 3487 melum.

100 3491 150 3551 514.
166 3498 214 3556 Or.
231 3505 283 3556 Ars
301 3505 372 3568 Am,
389 3504 441 3567 111,
460 3504 503 3554 62.
514 3530 549 3542 -
567 3509 635 3556 eunt
652 3505 718 3555 enni
735 3518 810 3554 more
827 3503 938 3554 fluentis
957 3517 1055 3568 equae.
