2509 3917
433 220 495 273 Lib.
512 221 560 272 IV.
595 235 620 272 v.
640 219 783 273 228-256.

164 374 308 434 luterens
331 371 436 434 humili
457 370 574 451 singula
596 370 687 434 verba
709 371 787 435 stilo.

116 457 265 519 Aeacides
287 457 383 518 flexus
405 456 580 536 alloquitur:
605 475 623 516 o
644 458 860 535 Agamemnon!

165 541 268 608 Miror,
293 543 342 611 ait,
365 551 498 602 nostram
521 549 550 601 te
572 540 699 603 subiisse
723 560 832 603 casam.
1042 551 1093 601 230

59 658 62 665 ·
119 625 166 690 ad
190 634 220 685 to
243 643 291 686 me
312 627 412 703 potius
433 626 536 687 invitat
557 624 662 704 regula
685 627 769 695 recti,

166 709 241 771 Cum
264 727 319 769 rex
341 708 466 779 dicaris;
490 712 545 770 sim
569 727 687 791 quoque
710 711 794 772 miles
817 727 881 787 ego.

117 792 188 856 Sub
210 791 314 855 labaro
337 790 462 873 prodire
484 802 568 855 tuum
590 812 645 855 rex
667 797 767 875 poscis
788 794 941 866 Achillem,

165 877 230 937 Rex
251 881 311 956 pie,
335 880 502 940 moestitiae
525 881 708 957 compatiare
730 897 825 943 meae.

118 961 286 1023 Incolumis
305 960 411 1022 leviter
434 979 506 1040 ergo
528 960 633 1023 solatia
655 963 788 1041 praehet,
1042 973 1091 1025 235

166 1046 230 1106 Nec
251 1047 350 1106 minus
371 1048 509 1108 infirmus
529 1048 620 1108 sentit
642 1047 679 1107 ad
701 1065 789 1108 omne
812 1046 931 1111 malum.

119 1129 273 1190 Vulneror
295 1139 325 1190 et
347 1129 480 1191 clausum
503 1138 591 1210 porto
614 1131 669 1193 suh
691 1139 815 1211 pectore
837 1131 939 1203 telum,

165 1214 232 1274 Non
255 1213 345 1275 habet
365 1219 396 1274 tn
419 1214 501 1276 laeso
523 1233 650 1294 corpore
672 1233 772 1296 pugna
795 1215 903 1278 locum,

118 1296 194 1381 Dira
218 1297 322 1358 dolens
344 1302 462 1360 animus
485 1318 545 1360 non
567 1306 614 1360 est
635 1302 667 1360 in
690 1298 767 1361 bella
789 1299 962 1371 trahendus,

167 1381 285 1443 Debent
306 1385 496 1461 magnanimo
519 1382 631 1463 proelia
654 1384 744 1444 corde
767 1383 839 1461 geri.
1043 1395 1093 1444 240

119 1465 262 1526 Vulneris
285 1465 430 1545 idgenus
453 1475 505 1536 est,
530 1466 610 1544 quod
634 1486 702 1529 cum
725 1464 854 1528 sanabile
877 1485 937 1527 non
960 1468 998 1528 sit

164 1548 228 1610 Neo
250 1568 311 1611 non
334 1553 454 1613 tractari
476 1553 569 1612 tutius
592 1568 659 1612 esse
680 1560 763 1631 puto.

115 1633 324 1712 Myrmidones
346 1634 401 1696 tihi
424 1639 509 1697 mitto
532 1653 631 1704 meos;
654 1635 737 1702 mihi,
760 1634 889 1715 postulo,
912 1652 1033 1715 pareas;

111 1790 116 1797 ⁸
165 1717 231 1779 Non
254 1725 369 1798 potero,
393 1719 547 1798 princeps!
569 1716 628 1780 hac
649 1721 713 1781 vice
737 1717 813 1781 bella
835 1721 929 1799 sequi.

116 1801 186 1863 Nec
207 1801 298 1862 voluit
319 1820 382 1874 rex,
406 1823 463 1864 nec
484 1805 581 1884 potuit
601 1821 655 1864 rer
677 1821 788 1882 angere
810 1807 966 1875 moestum,
1042 1815 1092 1864 245

165 1885 272 1946 Grates
292 1885 445 1965 persolvit,
468 1891 499 1949 in
521 1906 574 1949 sua
596 1898 694 1949 castra
715 1888 804 1949 redit.

184 2065 361 2121 ACHILLES
377 2068 419 2122 IN
436 2067 511 2123 HOC
528 2067 645 2123 BELLO
662 2068 794 2122 MANE'P
812 2068 852 2122 IN
870 2067 1029 2123 casinis.

114 2172 184 2232 lam
206 2188 279 2249 vaga
302 2190 354 2234 sex
376 2173 492 2235 vicibus
513 2192 569 2252 per
591 2191 712 2253 campos
734 2172 804 2234 luna
825 2172 948 2243 volarat,

164 2255 226 2316 lam
249 2259 498 2335 pertransierat,
519 2256 578 2335 jam
601 2260 646 2318 vir
668 2260 699 2318 in
723 2275 804 2318 arma
828 2255 914 2326 volat,

115 2339 187 2399 Iam
210 2337 320 2401 luctam
343 2342 402 2402 lert
422 2360 520 2420 pugna
543 2358 659 2410 novam,
683 2359 752 2401 cara
775 2357 886 2400 cornua
909 2341 1002 2400 fortes

166 2422 297 2485 Invitant
318 2423 444 2504 pugiles,
468 2442 592 2502 surgere
616 2429 701 2503 signa
723 2423 815 2483 vides.
1042 2432 1093 2482 250

113 2507 173 2568 Sic
197 2509 278 2569 acies
299 2512 363 2569 ruit
384 2511 415 2569 in
438 2511 526 2577 acies,
550 2510 593 2569 sie
616 2509 695 2569 ensis
716 2511 749 2567 in
772 2525 884 2576 ensem,
1158 2518 1164 2525 “

166 2590 254 2651 Sicut
275 2610 348 2672 aper
369 2593 498 2653 validum
521 2592 609 2653 dente
632 2591 758 2654 bisulcat
779 2609 893 2669 aprum.

109 2675 283 2753 Postquam
305 2677 506 2756 Myrmidones
528 2677 611 2738 serus
632 2679 806 2738 informarat
827 2675 965 2746 Achilles,

162 2758 209 2818 nd
232 2758 345 2820 bellum
369 2760 487 2823 celeres
505 2761 617 2838 dirigit,
640 2764 706 2841 ipse
728 2768 837 2821 manet.

109 2843 226 2918 Pugna
249 2845 284 2904 lit
305 2852 334 2905 et
355 2861 454 2924 pugna
479 2843 553 2913 talis,
578 2849 663 2923 quasi
686 2852 718 2905 tu
741 2842 917 2905 furibundos
1041 2853 1091 2903 225

162 2927 205 2986 Se
227 2929 468 2990 commordentes
489 2931 641 2990 intuerere
665 2947 764 2990 canes.

191 3163 250 3212 233.
269 3164 429 3230 emargine
447 3180 496 3230 pro
515 3165 616 3229 possis.
685 3165 744 3216 237
762 3162 898 3228 Pamphil
917 3165 938 3222 Ι,
960 3166 981 3214 1.

224 3230 363 3281 Vulneror
381 3237 423 3282 et
428 3231 605 3296 clausumque
622 3229 679 3282 fero
697 3231 748 3282 sub
767 3236 879 3296 pectore
896 3231 990 3311 telum,

190 3297 249 3346 241.
267 3299 310 3348 42.
330 3298 381 3354 Ov
400 3299 483 3350 Pont
502 3301 538 3361 11,
556 3303 581 3362 2,
599 3301 640 3349 59.
660 3300 693 3349 60

189 3363 322 3416 Vulneris
340 3366 368 3416 id
386 3382 474 3432 genus
494 3335 544 3436 esi,
563 3366 635 3431 quod
654 3381 715 3416 cum
734 3364 860 3418 sanabile
878 3381 934 3415 non
952 3366 998 3428 sit,

223 3432 286 3482 Mon
305 3435 473 3485 contrectari
491 3420 579 3485 tu‘tius
599 3449 660 3485 esse
678 3437 781 3498 putem
825 3452 827 3455 ·

5 3513 6 3538 ³
105 3505 178 3558 251.
200 3500 315 3565 Margo·
333 3503 432 3567 Pugna
450 3502 552 3552 XVIH
