2509 3917
82 256 85 263 .
174 201 218 265 82
479 202 544 254 nin.
562 203 614 255 111.
649 217 676 254 v.
694 202 839 254 sae-aes.

177 355 238 416 Pax
260 372 315 433 per
337 372 390 415 sex
411 370 530 414 menses
552 352 704 415 stabilitur
726 359 756 414 et
779 371 867 414 omne
888 362 1059 433 peremtum

221 437 382 519 Talparum
404 440 514 518 recipit
536 440 568 498 in
592 439 714 516 regione
737 438 852 499 tborus.
1099 448 1151 497 340

373 617 423 671 DE
440 617 566 673 PUGNA
582 617 776 674 DUODEOIM
793 618 945 673 DIERUM.

180 741 314 819 Septima
337 738 499 818 surgebant
522 743 647 801 orientis
669 759 782 803 cornua
805 741 916 814 Lunae,
971 756 978 760 ’

222 826 355 903 Surgere
378 827 520 886 continuo
542 822 648 885 bellica
671 827 757 904 signa
779 814 857 887 vide.

179 912 342 988 Pugnatur.
386 907 480 970 Durat
502 908 652 970 duodenis
670 927 770 989 pugna
793 909 905 973 diebus·

222 995 372 1071 Sanguine
395 1010 551 1054 caesorum
573 992 632 1054 lata
655 992 791 1055 rubescit
811 993 928 1057 humus.

178 1080 255 1151 Quid
277 1078 358 1156 jurat
381 1076 501 1138 assidue
523 1076 627 1151 claras,
652 1078 725 1157 qnid
749 1076 816 1146 tela,
839 1077 913 1158 quid
935 1094 1032 1148 enses,
1100 1085 1149 1134 345

222 1163 299 1234 Quid
323 1168 444 1230 mortes,
467 1164 572 1222 mortis
594 1162 666 1243 quid
689 1179 848 1225 numerare
872 1162 992 1223 nodosi

178 1249 237 1308 but
260 1247 367 1305 seriem
390 1244 506 1307 scindet
528 1245 614 1306 stilus
636 1254 687 1307 aut
709 1246 827 1307 fastidia
851 1248 962 1322 gignet,

224 1332 254 1392 Si
276 1331 359 1390 neeis
382 1347 470 1389 omne
492 1346 587 1406 genus
610 1348 789 1391 enumerare
811 1329 901 1390 volet.

178 1416 222 1478 Ad
245 1414 397 1475 Priamum
421 1417 513 1475 mittit
535 1416 738 1492 Agamemnon
763 1431 890 1492 eumque
912 1420 1054 1493 precatur

222 1500 261 1561 Ut
282 1517 337 1578 per
359 1498 499 1559 terdenos
520 1497 642 1560 obseret
664 1516 752 1560 arma
769 1499 843 1559 dias.
1100 1504 1154 1554 350

180 1585 325 1645 Concedit
347 1582 491 1650 Priamus,
514 1582 693 1645 clauduntur
717 1582 802 1645 busta
825 1581 978 1661 sepulcris,

223 1667 323 1727 Turba
347 1665 530 1727 salutiferam
552 1668 653 1728 saucia
675 1669 792 1747 quaerit
814 1685 910 1746 opem.

181 1751 247 1812 Non
270 1759 316 1812 est
337 1753 368 1811 in
393 1750 490 1810 medio
512 1768 641 1830 semper,
665 1751 813 1813 relevetur
837 1759 868 1812 ut
890 1766 994 1828 aeger;

222 1834 255 1894 ln
278 1852 350 1896 cura
373 1835 500 1912 quadam
523 1835 645 1896 vulnera
668 1845 765 1896 morte
786 1834 888 1913 ligant.

226 2014 275 2067 DE
294 2013 434 2069 somnio
453 2014 737 2077 ANDROMACHAE
754 2015 891 2073 UXORIS
908 2013 1099 2070 HECTORIS.

179 2137 261 2197 Luna
285 2137 376 2197 semel
399 2137 494 2208 latuit,
518 2146 580 2198 toto
602 2137 694 2199 semel
718 2137 791 2199 orbe
814 2140 950 2209 recrevit,
1099 2145 1151 2195 355

221 2221 282 2283 Pas
305 2219 366 2281 abit
389 2230 419 2281 et
440 2221 568 2301 populus
590 2241 694 2285 rursus
716 2224 747 2282 in
770 2241 852 2283 arma
873 2224 942 2283 ruit.
984 2248 989 2255 ·

179 2306 374 2381 Pugnandum
399 2305 435 2365 de
458 2323 546 2366 mane
567 2307 631 2375 luit,
655 2324 723 2366 cum
746 2315 834 2367 nocte
856 2305 911 2367 sub
933 2308 1008 2384 ipsa‘

224 2391 361 2451 Hectoris
383 2388 591 2451 Andromache
614 2392 729 2450 somnia
752 2391 826 2452 dura
848 2391 935 2451 videt.

179 2476 236 2545 Me,
260 2491 400 2537 moerens
424 2476 464 2535 ait
485 2472 534 2533 illa
558 2477 631 2544 viro,
653 2474 714 2554 jam
738 2480 872 2554 tempore
894 2490 1003 2554 pausae

221 2559 343 2618 Terruit
364 2560 395 2618 in
418 2560 530 2618 somnis
552 2561 627 2619 visio
651 2558 734 2619 valde
757 2561 864 2637 gravis.
1099 2565 1151 2614 360

180 2643 224 2703 Ad
247 2640 410 2702 sarabella
434 2659 540 2720 precor
563 2642 653 2703 bodie
676 2643 858 2704 descendere
880 2642 950 2711 noli,

160 2802 163 2806 Α
222 2725 266 2786 Sit
289 2723 344 2785 tibi
367 2743 438 2784 eura
461 2728 530 2795 mei,
553 2728 591 2787 sit
614 2726 666 2788 tibi
689 2745 760 2788 cura
783 2729 837 2788 tui.

248 2947 307 2996 339.
326 2946 438 3007 Margo:
466 2943 527 2993 Pax
552 2945 638 2994 teriia
661 2959 711 2994 sex
732 2945 876 2994 mensium.
958 2945 1018 2994 342.
1037 2946 1149 3008 Margo:

178 3013 278 3076 Pugna
295 3011 349 3074 IX,
368 3011 422 3062 XII
441 3010 546 3060 diebus.
628 3014 687 3062 347.
705 3010 771 3061 dod.
791 3012 872 3061 stilus
891 3010 1007 3061 scindet.
1089 3012 1148 3061 350.

179 3083 290 3144 Margo:
318 3081 377 3128 Pax
404 3082 502 3141 quarta
524 3078 640 3143 triginta
663 3079 776 3132 dierum.
846 3080 904 3130 353.
927 3079 1036 3144 Margo:
1064 3091 1152 3142 quaro

180 3147 244 3197 dum
270 3145 416 3197 adhibetur
443 3149 484 3195 eis
509 3160 575 3194 cura
597 3162 647 3211 per
669 3147 832 3197 medicinam
856 3162 911 3196 non
930 3146 1007 3197 evad.
1027 3150 1150 3196 mortem.

175 3214 228 3266 Or.
248 3230 272 3264 e.
291 3214 370 3263 Pont.
389 3215 412 3274 1,
429 3214 454 3271 3,
474 3214 514 3262 17.
535 3215 566 3264 18

279 3283 341 3331 Non
361 3285 403 3331 est
421 3281 450 3329 in
467 3280 557 3329 medio
575 3295 690 3345 semper,
709 3281 851 3332 relevetur
868 3284 899 3330 ui
916 3296 1011 3346 aeger.

314 3349 454 3401 Interdum
473 3347 555 3397 docta
573 3348 634 3411 plns
652 3348 728 3399 valet
747 3354 807 3399 arte
825 3349 937 3400 malum.

180 3419 240 3468 355.
259 3417 339 3468 Ouid.
358 3418 424 3466 Her.
443 3417 480 3476 ΙΙ,
499 3416 515 3465 5

290 3485 372 3534 Luna
391 3488 490 3546 quater
507 3482 603 3544 latuit3
622 3487 682 3532 toto
701 3487 799 3548 quater
817 3484 884 3533 orbe
902 3485 1027 3533 recrevit.
