<?xml version="1.0" encoding="UTF-8"?>
<!DOCTYPE html PUBLIC "-//W3C//DTD XHTML 1.0 Transitional//EN"
    "http://www.w3.org/TR/xhtml1/DTD/xhtml1-transitional.dtd">
<html xmlns="http://www.w3.org/1999/xhtml" xml:lang="en" lang="en">
 <head>
  <title>
</title>
<meta http-equiv="Content-Type" content="text/html;charset=utf-8" />
  <meta name='ocr-system' content='tesseract 3.04.00' />
  <meta name='ocr-capabilities' content='ocr_page ocr_carea ocr_par ocr_line ocrx_word'/>
</head>
<body>
  <div class='ocr_page' id='page_1' title='image "./troilus00albegoog_0209.png"; bbox 0 0 2509 3917; ppageno 0'>
   <div class='ocr_carea' id='block_1_1' title="bbox 398 206 736 260">
    <p class='ocr_par' dir='ltr' id='par_1_1' title="bbox 398 206 736 260">
     <span class='ocr_line' id='line_1_1' title="bbox 398 206 736 260; baseline 0.015 -5"><span class='ocrx_word' id='word_1_1' title='bbox 398 206 461 256; x_wconf 79' lang='lat' dir='ltr'><strong>Lib.</strong></span> <span class='ocrx_word' id='word_1_2' title='bbox 481 206 514 259; x_wconf 89' lang='lat' dir='ltr'><strong>V.</strong></span> <span class='ocrx_word' id='word_1_3' title='bbox 549 221 575 260; x_wconf 79' lang='lat' dir='ltr'><strong>v.</strong></span> <span class='ocrx_word' id='word_1_4' title='bbox 593 208 736 260; x_wconf 81' lang='grc'><strong>701-731.</strong></span> 
     </span>
    </p>
   </div>
   <div class='ocr_carea' id='block_1_2' title="bbox 70 357 1120 2964">
    <p class='ocr_par' dir='ltr' id='par_1_2' title="bbox 70 357 1120 2964">
     <span class='ocr_line' id='line_1_2' title="bbox 85 357 915 436; baseline -0.001 -16"><span class='ocrx_word' id='word_1_5' title='bbox 85 360 147 432; x_wconf 87' lang='lat' dir='ltr'><strong>Qui</strong></span> <span class='ocrx_word' id='word_1_6' title='bbox 170 360 286 419; x_wconf 82' lang='lat' dir='ltr'><strong>luerem</strong></span> <span class='ocrx_word' id='word_1_7' title='bbox 309 358 429 436; x_wconf 86' lang='lat' dir='ltr'><strong>pardus,</strong></span> <span class='ocrx_word' id='word_1_8' title='bbox 452 375 518 419; x_wconf 88' lang='lat' dir='ltr'><strong>sum</strong></span> <span class='ocrx_word' id='word_1_9' title='bbox 540 358 645 418; x_wconf 85' lang='lat' dir='ltr'><strong>tardus</strong></span> <span class='ocrx_word' id='word_1_10' title='bbox 666 357 806 420; x_wconf 88' lang='lat' dir='ltr'><strong>euntibus</strong></span> <span class='ocrx_word' id='word_1_11' title='bbox 829 359 915 419; x_wconf 88' lang='lat' dir='ltr'><strong>anuis</strong></span> 
     </span>
     <span class='ocr_line' id='line_1_3' title="bbox 130 442 920 522; baseline 0 -20"><span class='ocrx_word' id='word_1_12' title='bbox 130 443 165 503; x_wconf 95' lang='lat' dir='ltr'><strong>ln</strong></span> <span class='ocrx_word' id='word_1_13' title='bbox 189 460 332 522; x_wconf 86' lang='lat' dir='ltr'><strong>praeceps</strong></span> <span class='ocrx_word' id='word_1_14' title='bbox 353 446 462 522; x_wconf 87' lang='lat' dir='ltr'><strong>raptim</strong></span> <span class='ocrx_word' id='word_1_15' title='bbox 486 460 569 502; x_wconf 86' lang='lat' dir='ltr'><strong>more</strong></span> <span class='ocrx_word' id='word_1_16' title='bbox 590 442 710 503; x_wconf 81' lang='lat' dir='ltr'><strong>liuentis</strong></span> <span class='ocrx_word' id='word_1_17' title='bbox 732 461 835 522; x_wconf 85' lang='lat' dir='ltr'><strong>aquae.</strong></span> <span class='ocrx_word' id='word_1_18' title='bbox 917 453 920 457; x_wconf 85' lang='lat'>&#39;</span> 
     </span>
     <span class='ocr_line' id='line_1_4' title="bbox 84 527 869 603; baseline -0.005 -15"><span class='ocrx_word' id='word_1_19' title='bbox 84 527 175 589; x_wconf 87' lang='lat' dir='ltr'>Miles</span> <span class='ocrx_word' id='word_1_20' title='bbox 198 536 230 587; x_wconf 88' lang='lat' dir='ltr'><strong>ut</strong></span> <span class='ocrx_word' id='word_1_21' title='bbox 252 529 396 587; x_wconf 86' lang='lat' dir='ltr'><strong>emeritus</strong></span> <span class='ocrx_word' id='word_1_22' title='bbox 418 545 477 587; x_wconf 91' lang='lat' dir='ltr'><strong>non</strong></span> <span class='ocrx_word' id='word_1_23' title='bbox 501 534 546 587; x_wconf 91' lang='lat' dir='ltr'><strong>est</strong></span> <span class='ocrx_word' id='word_1_24' title='bbox 569 529 642 587; x_wconf 83' lang='lat' dir='ltr'><strong>satis</strong></span> <span class='ocrx_word' id='word_1_25' title='bbox 664 527 745 587; x_wconf 87' lang='lat' dir='ltr'><strong>utilis</strong></span> <span class='ocrx_word' id='word_1_26' title='bbox 767 530 869 603; x_wconf 75' lang='lat' dir='ltr'><strong>armis,</strong></span> 
     </span>
     <span class='ocr_line' id='line_1_5' title="bbox 130 610 866 690; baseline 0 -19"><span class='ocrx_word' id='word_1_27' title='bbox 130 610 221 672; x_wconf 81' lang='lat' dir='ltr'>Ponit</span> <span class='ocrx_word' id='word_1_28' title='bbox 242 611 279 671; x_wconf 88' lang='lat' dir='ltr'><strong>ad</strong></span> <span class='ocrx_word' id='word_1_29' title='bbox 302 613 449 690; x_wconf 85' lang='lat' dir='ltr'><strong>antiquos,</strong></span> <span class='ocrx_word' id='word_1_30' title='bbox 472 628 548 690; x_wconf 85' lang='lat' dir='ltr'><strong>qnae</strong></span> <span class='ocrx_word' id='word_1_31' title='bbox 571 611 640 672; x_wconf 85' lang='lat' dir='ltr'><strong>tulit</strong></span> <span class='ocrx_word' id='word_1_32' title='bbox 662 628 752 683; x_wconf 84' lang='lat' dir='ltr'><strong>arma,</strong></span> <span class='ocrx_word' id='word_1_33' title='bbox 778 611 866 672; x_wconf 84' lang='lat' dir='ltr'><strong>lares.</strong></span> 
     </span>
     <span class='ocr_line' id='line_1_6' title="bbox 85 693 1053 773; baseline -0.002 -17"><span class='ocrx_word' id='word_1_34' title='bbox 85 694 148 756; x_wconf 89' lang='lat' dir='ltr'><strong>Sed</strong></span> <span class='ocrx_word' id='word_1_35' title='bbox 172 693 241 755; x_wconf 87' lang='lat' dir='ltr'><strong>lieet</strong></span> <span class='ocrx_word' id='word_1_36' title='bbox 263 695 337 756; x_wconf 81' lang='lat' dir='ltr'><strong>liaeo</strong></span> <span class='ocrx_word' id='word_1_37' title='bbox 359 702 490 756; x_wconf 87' lang='lat' dir='ltr'><strong>nostram</strong></span> <span class='ocrx_word' id='word_1_38' title='bbox 514 695 639 757; x_wconf 82' lang='lat' dir='ltr'><strong>tundent</strong></span> <span class='ocrx_word' id='word_1_39' title='bbox 661 703 692 755; x_wconf 88' lang='lat' dir='ltr'><strong>et</strong></span> <span class='ocrx_word' id='word_1_40' title='bbox 714 694 798 773; x_wconf 90' lang='lat' dir='ltr'><strong>plura</strong></span> <span class='ocrx_word' id='word_1_41' title='bbox 822 695 984 773; x_wconf 84' lang='lat' dir='ltr'><strong>querelam,</strong></span> <span class='ocrx_word' id='word_1_42' title='bbox 1003 705 1053 755; x_wconf 76' lang='lat' dir='ltr'><strong>too</strong></span> 
     </span>
     <span class='ocr_line' id='line_1_7' title="bbox 134 779 823 841; baseline 0 0"><span class='ocrx_word' id='word_1_43' title='bbox 134 779 211 841; x_wconf 90' lang='lat' dir='ltr'><strong>Nolo</strong></span> <span class='ocrx_word' id='word_1_44' title='bbox 233 788 332 840; x_wconf 87' lang='lat' dir='ltr'><strong>tamen</strong></span> <span class='ocrx_word' id='word_1_45' title='bbox 355 789 470 841; x_wconf 88' lang='lat' dir='ltr'><strong>vestras</strong></span> <span class='ocrx_word' id='word_1_46' title='bbox 491 781 561 841; x_wconf 88' lang='lat' dir='ltr'><strong>inde</strong></span> <span class='ocrx_word' id='word_1_47' title='bbox 583 779 686 840; x_wconf 85' lang='lat' dir='ltr'><strong>labare</strong></span> <span class='ocrx_word' id='word_1_48' title='bbox 709 798 823 841; x_wconf 85' lang='lat' dir='ltr'><strong>manns.</strong></span> 
     </span>
     <span class='ocr_line' id='line_1_8' title="bbox 86 863 851 944; baseline 0.001 -21"><span class='ocrx_word' id='word_1_49' title='bbox 86 864 134 924; x_wconf 78' lang='lat' dir='ltr'><strong>lle</strong></span> <span class='ocrx_word' id='word_1_50' title='bbox 157 865 190 934; x_wconf 55' lang='lat' dir='ltr'><strong>si,</strong></span> <span class='ocrx_word' id='word_1_51' title='bbox 205 882 275 932; x_wconf 87' lang='lat' dir='ltr'><strong>non,</strong></span> <span class='ocrx_word' id='word_1_52' title='bbox 300 882 392 944; x_wconf 84' lang='lat' dir='ltr'><strong>opere</strong></span> <span class='ocrx_word' id='word_1_53' title='bbox 414 863 480 925; x_wconf 83' lang='lat' dir='ltr'><strong>volo</strong></span> <span class='ocrx_word' id='word_1_54' title='bbox 503 882 554 924; x_wconf 89' lang='lat' dir='ltr'><strong>vos</strong></span> <span class='ocrx_word' id='word_1_55' title='bbox 576 881 727 944; x_wconf 83' lang='lat' dir='ltr'>operaque</span> <span class='ocrx_word' id='word_1_56' title='bbox 747 864 851 944; x_wconf 85' lang='lat' dir='ltr'><strong>juvare</strong></span> 
     </span>
     <span class='ocr_line' id='line_1_9' title="bbox 132 947 930 1028; baseline 0.001 -20"><span class='ocrx_word' id='word_1_57' title='bbox 132 947 168 1008; x_wconf 82' lang='lat' dir='ltr'><strong>lit</strong></span> <span class='ocrx_word' id='word_1_58' title='bbox 189 948 213 1008; x_wconf 90' lang='lat' dir='ltr'><strong>si</strong></span> <span class='ocrx_word' id='word_1_59' title='bbox 236 966 294 1009; x_wconf 94' lang='lat' dir='ltr'><strong>non</strong></span> <span class='ocrx_word' id='word_1_60' title='bbox 318 966 374 1027; x_wconf 87' lang='lat' dir='ltr'><strong>per</strong></span> <span class='ocrx_word' id='word_1_61' title='bbox 396 966 492 1028; x_wconf 81' lang='lat' dir='ltr'><strong>opem,</strong></span> <span class='ocrx_word' id='word_1_62' title='bbox 517 948 568 1008; x_wconf 85' lang='lat' dir='ltr'><strong>rel·</strong></span> <span class='ocrx_word' id='word_1_63' title='bbox 584 966 639 1027; x_wconf 88' lang='lat' dir='ltr'><strong>per</strong></span> <span class='ocrx_word' id='word_1_64' title='bbox 661 967 745 1027; x_wconf 83' lang='lat' dir='ltr'><strong>opus,</strong></span> <span class='ocrx_word' id='word_1_65' title='bbox 767 965 822 1028; x_wconf 87' lang='lat' dir='ltr'><strong>per</strong></span> <span class='ocrx_word' id='word_1_66' title='bbox 845 966 930 1027; x_wconf 81' lang='lat' dir='ltr'><strong>opes:</strong></span> 
     </span>
     <span class='ocr_line' id='line_1_10' title="bbox 81 1032 770 1112; baseline 0 -19"><span class='ocrx_word' id='word_1_67' title='bbox 81 1032 172 1093; x_wconf 87' lang='lat' dir='ltr'><strong>Etsi</strong></span> <span class='ocrx_word' id='word_1_68' title='bbox 196 1050 255 1092; x_wconf 92' lang='lat' dir='ltr'><strong>non</strong></span> <span class='ocrx_word' id='word_1_69' title='bbox 277 1051 386 1101; x_wconf 84' lang='lat' dir='ltr'><strong>armos.</strong></span> <span class='ocrx_word' id='word_1_70' title='bbox 410 1032 493 1092; x_wconf 88' lang='lat' dir='ltr'><strong>robis</strong></span> <span class='ocrx_word' id='word_1_71' title='bbox 516 1034 668 1112; x_wconf 85' lang='lat' dir='ltr'><strong>impartiat</strong></span> <span class='ocrx_word' id='word_1_72' title='bbox 690 1051 770 1094; x_wconf 87' lang='lat' dir='ltr'><strong>arma</strong></span> 
     </span>
     <span class='ocr_line' id='line_1_11' title="bbox 131 1116 1104 1197; baseline -0.005 -19"><span class='ocrx_word' id='word_1_73' title='bbox 131 1116 283 1178; x_wconf 81' lang='lat' dir='ltr'><strong>Auxilium</strong></span> <span class='ocrx_word' id='word_1_74' title='bbox 306 1117 403 1178; x_wconf 84' lang='lat' dir='ltr'><strong>dando</strong></span> <span class='ocrx_word' id='word_1_75' title='bbox 426 1118 641 1197; x_wconf 71' lang='lat' dir='ltr'><strong>consiliumque</strong></span> <span class='ocrx_word' id='word_1_76' title='bbox 662 1117 814 1197; x_wconf 78' lang='lat' dir='ltr'><strong>frequens.</strong></span> <span class='ocrx_word' id='word_1_77' title='bbox 1003 1125 1054 1174; x_wconf 78' lang='lat'><strong>710</strong></span> <span class='ocrx_word' id='word_1_78' title='bbox 1097 1177 1104 1184; x_wconf 54' lang='grc'>,</span> 
     </span>
     <span class='ocr_line' id='line_1_12' title="bbox 85 1200 945 1280; baseline -0.002 -18"><span class='ocrx_word' id='word_1_79' title='bbox 85 1201 155 1262; x_wconf 81' lang='lat' dir='ltr'><strong>Non</strong></span> <span class='ocrx_word' id='word_1_80' title='bbox 177 1200 267 1261; x_wconf 87' lang='lat' dir='ltr'><strong>modo</strong></span> <span class='ocrx_word' id='word_1_81' title='bbox 289 1200 341 1262; x_wconf 88' lang='lat' dir='ltr'><strong>sed</strong></span> <span class='ocrx_word' id='word_1_82' title='bbox 365 1220 483 1280; x_wconf 82' lang='lat' dir='ltr'>semper</span> <span class='ocrx_word' id='word_1_83' title='bbox 506 1201 562 1261; x_wconf 88' lang='lat' dir='ltr'><strong>hoc</strong></span> <span class='ocrx_word' id='word_1_84' title='bbox 583 1220 676 1280; x_wconf 81' lang='lat' dir='ltr'><strong>regna</strong></span> <span class='ocrx_word' id='word_1_85' title='bbox 696 1201 848 1280; x_wconf 82' lang='lat' dir='ltr'><strong>juvamine</strong></span> <span class='ocrx_word' id='word_1_86' title='bbox 870 1203 945 1271; x_wconf 80' lang='lat' dir='ltr'><strong>rexi,</strong></span> 
     </span>
     <span class='ocr_line' id='line_1_13' title="bbox 70 1284 825 1365; baseline -0.003 -18"><span class='ocrx_word' id='word_1_87' title='bbox 70 1319 77 1331; x_wconf 91' lang='lat'><strong>·</strong></span> <span class='ocrx_word' id='word_1_88' title='bbox 131 1285 186 1347; x_wconf 86' lang='lat' dir='ltr'><strong>Est</strong></span> <span class='ocrx_word' id='word_1_89' title='bbox 207 1284 318 1365; x_wconf 85' lang='lat' dir='ltr'><strong>aliquid</strong></span> <span class='ocrx_word' id='word_1_90' title='bbox 342 1284 436 1346; x_wconf 86' lang='lat' dir='ltr'><strong>valida</strong></span> <span class='ocrx_word' id='word_1_91' title='bbox 455 1294 576 1365; x_wconf 85' lang='lat' dir='ltr'><strong>sceptra</strong></span> <span class='ocrx_word' id='word_1_92' title='bbox 599 1293 704 1347; x_wconf 84' lang='lat' dir='ltr'><strong>tenere</strong></span> <span class='ocrx_word' id='word_1_93' title='bbox 727 1304 825 1347; x_wconf 91' lang='lat' dir='ltr'><strong>manu.</strong></span> 
     </span>
     <span class='ocr_line' id='line_1_14' title="bbox 85 1370 897 1448; baseline 0.001 -19"><span class='ocrx_word' id='word_1_94' title='bbox 85 1370 175 1430; x_wconf 90' lang='lat' dir='ltr'><strong>Solus</strong></span> <span class='ocrx_word' id='word_1_95' title='bbox 197 1387 251 1430; x_wconf 85' lang='lat' dir='ltr'><strong>rex</strong></span> <span class='ocrx_word' id='word_1_96' title='bbox 272 1376 385 1448; x_wconf 82' lang='lat' dir='ltr'><strong>regnat,</strong></span> <span class='ocrx_word' id='word_1_97' title='bbox 410 1370 506 1430; x_wconf 89' lang='lat' dir='ltr'><strong>honor</strong></span> <span class='ocrx_word' id='word_1_98' title='bbox 530 1377 628 1431; x_wconf 87' lang='lat' dir='ltr'><strong>autem</strong></span> <span class='ocrx_word' id='word_1_99' title='bbox 651 1386 742 1447; x_wconf 86' lang='lat' dir='ltr'><strong>regna</strong></span> <span class='ocrx_word' id='word_1_100' title='bbox 765 1372 897 1446; x_wconf 82' lang='lat' dir='ltr'><strong>regentis</strong></span> 
     </span>
     <span class='ocr_line' id='line_1_15' title="bbox 130 1452 741 1534; baseline -0.002 -20"><span class='ocrx_word' id='word_1_101' title='bbox 130 1453 182 1514; x_wconf 87' lang='lat' dir='ltr'><strong>Est</strong></span> <span class='ocrx_word' id='word_1_102' title='bbox 205 1458 235 1516; x_wconf 89' lang='lat' dir='ltr'><strong>in</strong></span> <span class='ocrx_word' id='word_1_103' title='bbox 259 1452 401 1533; x_wconf 82' lang='lat' dir='ltr'><strong>subjectis</strong></span> <span class='ocrx_word' id='word_1_104' title='bbox 423 1452 625 1534; x_wconf 77' lang='lat' dir='ltr'><strong>militibusque</strong></span> <span class='ocrx_word' id='word_1_105' title='bbox 646 1453 741 1513; x_wconf 84' lang='lat' dir='ltr'><strong>bonis.</strong></span> 
     </span>
     <span class='ocr_line' id='line_1_16' title="bbox 84 1536 1120 1615; baseline -0.005 -16"><span class='ocrx_word' id='word_1_106' title='bbox 84 1538 152 1599; x_wconf 91' lang='lat' dir='ltr'><strong>Nou</strong></span> <span class='ocrx_word' id='word_1_107' title='bbox 175 1536 261 1598; x_wconf 87' lang='lat' dir='ltr'><strong>miles</strong></span> <span class='ocrx_word' id='word_1_108' title='bbox 284 1539 348 1598; x_wconf 86' lang='lat' dir='ltr'><strong>sine</strong></span> <span class='ocrx_word' id='word_1_109' title='bbox 371 1556 442 1615; x_wconf 82' lang='lat' dir='ltr'><strong>rege</strong></span> <span class='ocrx_word' id='word_1_110' title='bbox 464 1536 550 1614; x_wconf 83' lang='lat' dir='ltr'><strong>valet,</strong></span> <span class='ocrx_word' id='word_1_111' title='bbox 574 1555 629 1598; x_wconf 87' lang='lat' dir='ltr'><strong>nee</strong></span> <span class='ocrx_word' id='word_1_112' title='bbox 651 1554 705 1598; x_wconf 82' lang='lat' dir='ltr'><strong>rex</strong></span> <span class='ocrx_word' id='word_1_113' title='bbox 728 1538 793 1598; x_wconf 86' lang='lat' dir='ltr'><strong>sine</strong></span> <span class='ocrx_word' id='word_1_114' title='bbox 815 1536 874 1596; x_wconf 87' lang='lat' dir='ltr'><strong>lldo</strong></span> <span class='ocrx_word' id='word_1_115' title='bbox 1002 1547 1052 1595; x_wconf 72' lang='lat'><strong>&#39;115</strong></span> <span class='ocrx_word' id='word_1_116' title='bbox 1118 1565 1120 1568; x_wconf 32' lang='lat' dir='ltr'>v</span> 
     </span>
     <span class='ocr_line' id='line_1_17' title="bbox 129 1621 735 1701; baseline -0.002 -19"><span class='ocrx_word' id='word_1_117' title='bbox 129 1621 230 1687; x_wconf 86' lang='lat' dir='ltr'><strong>Milite.</strong></span> <span class='ocrx_word' id='word_1_118' title='bbox 253 1621 357 1682; x_wconf 88' lang='lat' dir='ltr'><strong>militia</strong></span> <span class='ocrx_word' id='word_1_119' title='bbox 382 1622 507 1700; x_wconf 84' lang='lat' dir='ltr'><strong>plurima</strong></span> <span class='ocrx_word' id='word_1_120' title='bbox 527 1625 607 1701; x_wconf 84' lang='lat' dir='ltr'><strong>regie</strong></span> <span class='ocrx_word' id='word_1_121' title='bbox 629 1622 735 1682; x_wconf 91' lang='lat' dir='ltr'><strong>honor.</strong></span> 
     </span>
     <span class='ocr_line' id='line_1_18' title="bbox 84 1706 848 1786; baseline -0.003 -19"><span class='ocrx_word' id='word_1_122' title='bbox 84 1706 153 1767; x_wconf 91' lang='lat' dir='ltr'><strong>Non</strong></span> <span class='ocrx_word' id='word_1_123' title='bbox 176 1707 247 1766; x_wconf 88' lang='lat' dir='ltr'><strong>satis</strong></span> <span class='ocrx_word' id='word_1_124' title='bbox 270 1726 327 1768; x_wconf 89' lang='lat' dir='ltr'><strong>una</strong></span> <span class='ocrx_word' id='word_1_125' title='bbox 352 1714 433 1767; x_wconf 84' lang='lat' dir='ltr'><strong>tenet</strong></span> <span class='ocrx_word' id='word_1_126' title='bbox 456 1715 571 1768; x_wconf 85' lang='lat' dir='ltr'><strong>ceratas</strong></span> <span class='ocrx_word' id='word_1_127' title='bbox 593 1725 702 1768; x_wconf 87' lang='lat' dir='ltr'><strong>ancora</strong></span> <span class='ocrx_word' id='word_1_128' title='bbox 724 1724 848 1786; x_wconf 88' lang='lat' dir='ltr'><strong>puppes,</strong></span> 
     </span>
     <span class='ocr_line' id='line_1_19' title="bbox 129 1787 862 1871; baseline -0.003 -20"><span class='ocrx_word' id='word_1_129' title='bbox 129 1787 195 1852; x_wconf 90' lang='lat' dir='ltr'><strong>Non</strong></span> <span class='ocrx_word' id='word_1_130' title='bbox 219 1793 291 1851; x_wconf 86' lang='lat' dir='ltr'><strong>satis</strong></span> <span class='ocrx_word' id='word_1_131' title='bbox 313 1799 358 1851; x_wconf 86' lang='lat' dir='ltr'><strong>est</strong></span> <span class='ocrx_word' id='word_1_132' title='bbox 380 1790 504 1871; x_wconf 79' lang='lat' dir='ltr'><strong>liquidis</strong></span> <span class='ocrx_word' id='word_1_133' title='bbox 524 1793 630 1852; x_wconf 84' lang='lat' dir='ltr'><strong>unicus</strong></span> <span class='ocrx_word' id='word_1_134' title='bbox 651 1810 746 1851; x_wconf 84' lang='lat' dir='ltr'><strong>uncus</strong></span> <span class='ocrx_word' id='word_1_135' title='bbox 769 1791 862 1869; x_wconf 91' lang='lat' dir='ltr'><strong>aquis.</strong></span> 
     </span>
     <span class='ocr_line' id='line_1_20' title="bbox 86 1874 837 1953; baseline 0 -18"><span class='ocrx_word' id='word_1_136' title='bbox 86 1875 139 1935; x_wconf 88' lang='lat' dir='ltr'><strong>Sie</strong></span> <span class='ocrx_word' id='word_1_137' title='bbox 161 1891 254 1935; x_wconf 90' lang='lat' dir='ltr'><strong>unum</strong></span> <span class='ocrx_word' id='word_1_138' title='bbox 277 1892 402 1953; x_wconf 86' lang='lat' dir='ltr'><strong>regnum</strong></span> <span class='ocrx_word' id='word_1_139' title='bbox 425 1875 516 1936; x_wconf 89' lang='lat' dir='ltr'><strong>rebus</strong></span> <span class='ocrx_word' id='word_1_140' title='bbox 537 1875 598 1936; x_wconf 88' lang='lat' dir='ltr'><strong>vult</strong></span> <span class='ocrx_word' id='word_1_141' title='bbox 619 1883 698 1936; x_wconf 87' lang='lat' dir='ltr'><strong>stare</strong></span> <span class='ocrx_word' id='word_1_142' title='bbox 721 1874 837 1936; x_wconf 84' lang='lat' dir='ltr'><strong>duabus</strong></span> 
     </span>
     <span class='ocr_line' id='line_1_21' title="bbox 130 1958 1052 2059; baseline -0.001 -40"><span class='ocrx_word' id='word_1_143' title='bbox 130 1960 180 2019; x_wconf 87' lang='lat' dir='ltr'><strong>Sio</strong></span> <span class='ocrx_word' id='word_1_144' title='bbox 202 1976 251 2018; x_wconf 90' lang='lat' dir='ltr'><strong>res</strong></span> <span class='ocrx_word' id='word_1_145' title='bbox 274 1958 396 2019; x_wconf 84' lang='lat' dir='ltr'><strong>alterius</strong></span> <span class='ocrx_word' id='word_1_146' title='bbox 418 1959 510 2050; x_wconf 74' lang='lat' dir='ltr'><strong>alterp</strong></span> <span class='ocrx_word' id='word_1_147' title='bbox 533 1963 629 2059; x_wconf 82' lang='lat' dir='ltr'><strong>posoit</strong></span> <span class='ocrx_word' id='word_1_148' title='bbox 650 1978 753 2058; x_wconf 79' lang='lat' dir='ltr'><strong>opem3</strong></span> <span class='ocrx_word' id='word_1_149' title='bbox 1000 1968 1052 2018; x_wconf 76' lang='lat'><strong>720</strong></span> 
     </span>
     <span class='ocr_line' id='line_1_22' title="bbox 84 2042 908 2121; baseline -0.005 -16"><span class='ocrx_word' id='word_1_150' title='bbox 84 2043 180 2106; x_wconf 86' lang='lat' dir='ltr'><strong>Nemo</strong></span> <span class='ocrx_word' id='word_1_151' title='bbox 203 2042 260 2102; x_wconf 91' lang='lat' dir='ltr'><strong>sibi</strong></span> <span class='ocrx_word' id='word_1_152' title='bbox 283 2046 353 2104; x_wconf 88' lang='lat' dir='ltr'><strong>salis</strong></span> <span class='ocrx_word' id='word_1_153' title='bbox 376 2051 431 2113; x_wconf 85' lang='lat' dir='ltr'><strong>est,</strong></span> <span class='ocrx_word' id='word_1_154' title='bbox 455 2053 522 2121; x_wconf 77' lang='lat' dir='ltr'><strong>eget</strong></span> <span class='ocrx_word' id='word_1_155' title='bbox 543 2046 641 2104; x_wconf 89' lang='lat' dir='ltr'><strong>omnis</strong></span> <span class='ocrx_word' id='word_1_156' title='bbox 663 2046 776 2105; x_wconf 86' lang='lat' dir='ltr'><strong>amiens</strong></span> <span class='ocrx_word' id='word_1_157' title='bbox 798 2044 908 2111; x_wconf 88' lang='lat' dir='ltr'><strong>amioo;</strong></span> 
     </span>
     <span class='ocr_line' id='line_1_23' title="bbox 130 2125 832 2197; baseline 0 -10"><span class='ocrx_word' id='word_1_158' title='bbox 130 2125 223 2187; x_wconf 81' lang='lat' dir='ltr'><strong>Vaelil</strong></span> <span class='ocrx_word' id='word_1_159' title='bbox 246 2127 315 2197; x_wconf 91' lang='lat' dir='ltr'><strong>soli;</strong></span> <span class='ocrx_word' id='word_1_160' title='bbox 339 2128 419 2188; x_wconf 85' lang='lat' dir='ltr'><strong>oarlit</strong></span> <span class='ocrx_word' id='word_1_161' title='bbox 441 2127 499 2196; x_wconf 87' lang='lat' dir='ltr'><strong>hio,</strong></span> <span class='ocrx_word' id='word_1_162' title='bbox 523 2146 610 2188; x_wconf 88' lang='lat' dir='ltr'><strong>nemo</strong></span> <span class='ocrx_word' id='word_1_163' title='bbox 633 2129 744 2189; x_wconf 81' lang='lat' dir='ltr'><strong>lerator</strong></span> <span class='ocrx_word' id='word_1_164' title='bbox 767 2128 832 2187; x_wconf 88' lang='lat' dir='ltr'><strong>erit</strong></span> 
     </span>
     <span class='ocr_line' id='line_1_24' title="bbox 83 2209 758 2289; baseline 0 -18"><span class='ocrx_word' id='word_1_165' title='bbox 83 2212 119 2271; x_wconf 92' lang='lat' dir='ltr'><strong>ln</strong></span> <span class='ocrx_word' id='word_1_166' title='bbox 142 2209 226 2271; x_wconf 84' lang='lat' dir='ltr'><strong>vobis</strong></span> <span class='ocrx_word' id='word_1_167' title='bbox 248 2213 340 2289; x_wconf 79' lang='lat' dir='ltr'><strong>igitur</strong></span> <span class='ocrx_word' id='word_1_168' title='bbox 362 2211 469 2274; x_wconf 84' lang='lat' dir='ltr'><strong>Troiae</strong></span> <span class='ocrx_word' id='word_1_169' title='bbox 492 2214 614 2272; x_wconf 82' lang='lat' dir='ltr'><strong>victoria</strong></span> <span class='ocrx_word' id='word_1_170' title='bbox 638 2213 758 2289; x_wconf 82' lang='lat' dir='ltr'><strong>pendet,</strong></span> 
     </span>
     <span class='ocr_line' id='line_1_25' title="bbox 128 2294 847 2375; baseline -0.006 -19"><span class='ocrx_word' id='word_1_171' title='bbox 128 2294 168 2356; x_wconf 86' lang='lat' dir='ltr'><strong>Et</strong></span> <span class='ocrx_word' id='word_1_172' title='bbox 189 2312 293 2373; x_wconf 85' lang='lat' dir='ltr'><strong>paoem</strong></span> <span class='ocrx_word' id='word_1_173' title='bbox 316 2298 431 2375; x_wconf 83' lang='lat' dir='ltr'><strong>patriae</strong></span> <span class='ocrx_word' id='word_1_174' title='bbox 454 2294 573 2357; x_wconf 83' lang='lat' dir='ltr'><strong>brachia</strong></span> <span class='ocrx_word' id='word_1_175' title='bbox 597 2307 694 2356; x_wconf 78' lang='lat' dir='ltr'><strong>vestra</strong></span> <span class='ocrx_word' id='word_1_176' title='bbox 716 2295 847 2355; x_wconf 81' lang='lat' dir='ltr'><strong>dabunt·</strong></span> 
     </span>
     <span class='ocr_line' id='line_1_26' title="bbox 83 2380 1052 2459; baseline -0.005 -19"><span class='ocrx_word' id='word_1_177' title='bbox 83 2380 128 2441; x_wconf 83' lang='lat' dir='ltr'><strong>De</strong></span> <span class='ocrx_word' id='word_1_178' title='bbox 151 2397 254 2440; x_wconf 84' lang='lat' dir='ltr'><strong>rerum</strong></span> <span class='ocrx_word' id='word_1_179' title='bbox 277 2387 402 2440; x_wconf 83' lang='lat' dir='ltr'><strong>tractate</strong></span> <span class='ocrx_word' id='word_1_180' title='bbox 425 2388 502 2440; x_wconf 88' lang='lat' dir='ltr'><strong>statu</strong></span> <span class='ocrx_word' id='word_1_181' title='bbox 525 2390 680 2459; x_wconf 84' lang='lat' dir='ltr'><strong>vestraque</strong></span> <span class='ocrx_word' id='word_1_182' title='bbox 701 2380 806 2445; x_wconf 87' lang='lat' dir='ltr'><strong>salute,</strong></span> <span class='ocrx_word' id='word_1_183' title='bbox 1003 2387 1052 2435; x_wconf 77' lang='lat'><strong>725</strong></span> 
     </span>
     <span class='ocr_line' id='line_1_27' title="bbox 129 2463 798 2540; baseline -0.001 -16"><span class='ocrx_word' id='word_1_184' title='bbox 129 2463 240 2524; x_wconf 83' lang='lat' dir='ltr'><strong>Sensus</strong></span> <span class='ocrx_word' id='word_1_185' title='bbox 263 2466 342 2524; x_wconf 90' lang='lat' dir='ltr'><strong>enim</strong></span> <span class='ocrx_word' id='word_1_186' title='bbox 367 2463 449 2525; x_wconf 85' lang='lat' dir='ltr'><strong>vobis</strong></span> <span class='ocrx_word' id='word_1_187' title='bbox 471 2463 689 2540; x_wconf 81' lang='lat' dir='ltr'><strong>consiliumque</strong></span> <span class='ocrx_word' id='word_1_188' title='bbox 710 2467 798 2539; x_wconf 79' lang='lat' dir='ltr'><strong>viget.</strong></span> 
     </span>
     <span class='ocr_line' id='line_1_28' title="bbox 81 2547 872 2629; baseline -0.001 -24"><span class='ocrx_word' id='word_1_189' title='bbox 81 2547 200 2609; x_wconf 80' lang='lat' dir='ltr'><strong>Vertite</strong></span> <span class='ocrx_word' id='word_1_190' title='bbox 221 2550 398 2625; x_wconf 83' lang='lat' dir='ltr'><strong>praeteritas</strong></span> <span class='ocrx_word' id='word_1_191' title='bbox 419 2559 592 2627; x_wconf 68' lang='lat' dir='ltr'><strong>praesentes</strong></span> <span class='ocrx_word' id='word_1_192' title='bbox 615 2566 725 2629; x_wconf 88' lang='lat' dir='ltr'><strong>resque</strong></span> <span class='ocrx_word' id='word_1_193' title='bbox 746 2550 872 2613; x_wconf 82' lang='lat' dir='ltr'><strong>suturas,</strong></span> 
     </span>
     <span class='ocr_line' id='line_1_29' title="bbox 113 2630 800 2711; baseline -0.001 -19"><span class='ocrx_word' id='word_1_194' title='bbox 113 2630 268 2710; x_wconf 80' lang='lat' dir='ltr'><strong>-Quosque</strong></span> <span class='ocrx_word' id='word_1_195' title='bbox 290 2635 376 2709; x_wconf 87' lang='lat' dir='ltr'><strong>sequi</strong></span> <span class='ocrx_word' id='word_1_196' title='bbox 399 2634 498 2711; x_wconf 85' lang='lat' dir='ltr'><strong>potius</strong></span> <span class='ocrx_word' id='word_1_197' title='bbox 520 2632 640 2710; x_wconf 82' lang='lat' dir='ltr'><strong>expedit</strong></span> <span class='ocrx_word' id='word_1_198' title='bbox 661 2635 706 2692; x_wconf 91' lang='lat' dir='ltr'><strong>ire</strong></span> <span class='ocrx_word' id='word_1_199' title='bbox 727 2634 800 2706; x_wconf 76' lang='lat' dir='ltr'><strong>vias,</strong></span> 
     </span>
     <span class='ocr_line' id='line_1_30' title="bbox 84 2715 895 2795; baseline -0.001 -19"><span class='ocrx_word' id='word_1_200' title='bbox 84 2715 163 2776; x_wconf 84' lang='lat' dir='ltr'><strong>Nam</strong></span> <span class='ocrx_word' id='word_1_201' title='bbox 185 2733 239 2794; x_wconf 87' lang='lat' dir='ltr'><strong>per</strong></span> <span class='ocrx_word' id='word_1_202' title='bbox 261 2719 422 2795; x_wconf 86' lang='lat' dir='ltr'><strong>praeterita</strong></span> <span class='ocrx_word' id='word_1_203' title='bbox 445 2718 610 2795; x_wconf 86' lang='lat' dir='ltr'><strong>praesentia</strong></span> <span class='ocrx_word' id='word_1_204' title='bbox 634 2734 722 2795; x_wconf 85' lang='lat' dir='ltr'><strong>saepe</strong></span> <span class='ocrx_word' id='word_1_205' title='bbox 744 2715 895 2784; x_wconf 89' lang='lat' dir='ltr'><strong>labuntur,</strong></span> 
     </span>
     <span class='ocr_line' id='line_1_31' title="bbox 128 2800 1054 2879; baseline -0.001 -20"><span class='ocrx_word' id='word_1_206' title='bbox 128 2800 224 2878; x_wconf 85' lang='lat' dir='ltr'><strong>Saepe</strong></span> <span class='ocrx_word' id='word_1_207' title='bbox 245 2807 339 2861; x_wconf 87' lang='lat' dir='ltr'><strong>status</strong></span> <span class='ocrx_word' id='word_1_208' title='bbox 361 2817 503 2879; x_wconf 78' lang='lat' dir='ltr'><strong>praesens</strong></span> <span class='ocrx_word' id='word_1_209' title='bbox 525 2804 603 2861; x_wconf 84' lang='lat' dir='ltr'><strong>seire</strong></span> <span class='ocrx_word' id='word_1_210' title='bbox 626 2801 724 2860; x_wconf 85' lang='lat' dir='ltr'><strong>lutura</strong></span> <span class='ocrx_word' id='word_1_211' title='bbox 742 2802 831 2862; x_wconf 60' lang='lat' dir='ltr'><strong>‚facite</strong></span> <span class='ocrx_word' id='word_1_212' title='bbox 1002 2810 1054 2858; x_wconf 79' lang='grc'><strong>730</strong></span> 
     </span>
     <span class='ocr_line' id='line_1_32' title="bbox 82 2882 898 2964; baseline -0.001 -20"><span class='ocrx_word' id='word_1_213' title='bbox 82 2882 148 2944; x_wconf 86' lang='lat' dir='ltr'><strong>lloe</strong></span> <span class='ocrx_word' id='word_1_214' title='bbox 171 2887 234 2944; x_wconf 89' lang='lat' dir='ltr'><strong>seio</strong></span> <span class='ocrx_word' id='word_1_215' title='bbox 257 2885 282 2944; x_wconf 89' lang='lat' dir='ltr'><strong>si</strong></span> <span class='ocrx_word' id='word_1_216' title='bbox 304 2883 439 2946; x_wconf 90' lang='lat' dir='ltr'><strong>volumus</strong></span> <span class='ocrx_word' id='word_1_217' title='bbox 462 2902 614 2964; x_wconf 87' lang='lat' dir='ltr'><strong>superare,</strong></span> <span class='ocrx_word' id='word_1_218' title='bbox 638 2884 759 2945; x_wconf 87' lang='lat' dir='ltr'><strong>levanda</strong></span> <span class='ocrx_word' id='word_1_219' title='bbox 783 2886 898 2963; x_wconf 82' lang='lat' dir='ltr'><strong>potenti</strong></span> 
     </span>
    </p>
   </div>
   <div class='ocr_carea' id='block_1_3' title="bbox 14 3084 1053 3555">
    <p class='ocr_par' dir='ltr' id='par_1_3' title="bbox 14 3084 1052 3555">
     <span class='ocr_line' id='line_1_33' title="bbox 152 3084 550 3145; baseline -0.003 -9"><span class='ocrx_word' id='word_1_220' title='bbox 152 3087 211 3137; x_wconf 92' lang='grc'><strong>702.</strong></span> <span class='ocrx_word' id='word_1_221' title='bbox 231 3085 283 3137; x_wconf 86' lang='lat' dir='ltr'><strong>Ov</strong></span> <span class='ocrx_word' id='word_1_222' title='bbox 300 3084 352 3135; x_wconf 78' lang='lat' dir='ltr'><strong>Ars</strong></span> <span class='ocrx_word' id='word_1_223' title='bbox 369 3084 429 3136; x_wconf 79' lang='lat' dir='ltr'><strong>Am.</strong></span> <span class='ocrx_word' id='word_1_224' title='bbox 448 3087 500 3145; x_wconf 92' lang='lat'>111,</span> <span class='ocrx_word' id='word_1_225' title='bbox 517 3087 550 3136; x_wconf 85' lang='grc'><strong>62</strong></span> 
     </span>
     <span class='ocr_line' id='line_1_34' title="bbox 236 3153 774 3217; baseline 0 -15"><span class='ocrx_word' id='word_1_226' title='bbox 236 3155 356 3203; x_wconf 85' lang='lat' dir='ltr'><strong>-enut</strong></span> <span class='ocrx_word' id='word_1_227' title='bbox 371 3156 438 3203; x_wconf 84' lang='lat' dir='ltr'><strong>anni</strong></span> <span class='ocrx_word' id='word_1_228' title='bbox 455 3168 529 3204; x_wconf 87' lang='lat' dir='ltr'><strong>more</strong></span> <span class='ocrx_word' id='word_1_229' title='bbox 548 3153 659 3203; x_wconf 82' lang='lat' dir='ltr'><strong>fluentis</strong></span> <span class='ocrx_word' id='word_1_230' title='bbox 678 3168 774 3217; x_wconf 80' lang='lat' dir='ltr'><strong>equae.</strong></span> 
     </span>
     <span class='ocr_line' id='line_1_35' title="bbox 80 3219 1050 3285; baseline -0.003 -14"><span class='ocrx_word' id='word_1_231' title='bbox 80 3219 382 3273; x_wconf 65' lang='lat' dir='ltr'><strong>vennonenses.</strong></span> <span class='ocrx_word' id='word_1_232' title='bbox 402 3221 449 3281; x_wconf 89' lang='lat' dir='ltr'><strong>IV</strong></span> <span class='ocrx_word' id='word_1_233' title='bbox 467 3223 494 3277; x_wconf 89' lang='lat'><strong>8,</strong></span> <span class='ocrx_word' id='word_1_234' title='bbox 506 3222 547 3270; x_wconf 91' lang='grc'><strong>21.</strong></span> <span class='ocrx_word' id='word_1_235' title='bbox 565 3223 607 3271; x_wconf 91' lang='grc'><strong>22</strong></span> <span class='ocrx_word' id='word_1_236' title='bbox 624 3236 674 3285; x_wconf 87' lang='lat' dir='ltr'><strong>pro</strong></span> <span class='ocrx_word' id='word_1_237' title='bbox 692 3222 779 3271; x_wconf 84' lang='lat' dir='ltr'><strong>nostri</strong></span> <span class='ocrx_word' id='word_1_238' title='bbox 803 3220 933 3271; x_wconf 86' lang='lat' dir='ltr'><strong>emeritus</strong></span> <span class='ocrx_word' id='word_1_239' title='bbox 952 3219 1050 3272; x_wconf 68' lang='lat' dir='ltr'><strong>einr.</strong></span> 
     </span>
     <span class='ocr_line' id='line_1_36' title="bbox 81 3283 1051 3341; baseline -0.001 -4"><span class='ocrx_word' id='word_1_240' title='bbox 81 3288 133 3337; x_wconf 78' lang='lat'><strong>799</strong></span> <span class='ocrx_word' id='word_1_241' title='bbox 157 3286 244 3338; x_wconf 82' lang='lat' dir='ltr'><strong>hebet</strong></span> <span class='ocrx_word' id='word_1_242' title='bbox 266 3286 382 3338; x_wconf 82' lang='lat' dir='ltr'><strong>Ovidius</strong></span> <span class='ocrx_word' id='word_1_243' title='bbox 406 3289 535 3341; x_wconf 81' lang='lat' dir='ltr'><strong>emeritis</strong></span> <span class='ocrx_word' id='word_1_244' title='bbox 610 3291 669 3338; x_wconf 87' lang='grc'><strong>712.</strong></span> <span class='ocrx_word' id='word_1_245' title='bbox 686 3288 767 3339; x_wconf 88' lang='lat' dir='ltr'><strong>Ovid.</strong></span> <span class='ocrx_word' id='word_1_246' title='bbox 785 3288 862 3339; x_wconf 87' lang='lat' dir='ltr'><strong>Rem.</strong></span> <span class='ocrx_word' id='word_1_247' title='bbox 881 3288 940 3337; x_wconf 91' lang='grc'><strong>480.</strong></span> <span class='ocrx_word' id='word_1_248' title='bbox 992 3283 1051 3337; x_wconf 88' lang='grc'><strong>717.</strong></span> 
     </span>
     <span class='ocr_line' id='line_1_37' title="bbox 14 3354 1052 3420; baseline -0.001 -16"><span class='ocrx_word' id='word_1_249' title='bbox 14 3393 15 3398; x_wconf 52' lang='grc'>,</span> <span class='ocrx_word' id='word_1_250' title='bbox 84 3356 125 3405; x_wconf 89' lang='grc'><strong>18.</strong></span> <span class='ocrx_word' id='word_1_251' title='bbox 144 3354 225 3409; x_wconf 78' lang='lat' dir='ltr'><strong>ovid.</strong></span> <span class='ocrx_word' id='word_1_252' title='bbox 245 3354 356 3404; x_wconf 86' lang='lat' dir='ltr'><strong>Remed.</strong></span> <span class='ocrx_word' id='word_1_253' title='bbox 374 3357 433 3409; x_wconf 86' lang='grc'><strong>447.</strong></span> <span class='ocrx_word' id='word_1_254' title='bbox 452 3355 495 3415; x_wconf 89' lang='grc'><strong>48,</strong></span> <span class='ocrx_word' id='word_1_255' title='bbox 514 3369 548 3404; x_wconf 87' lang='lat' dir='ltr'><strong>ex</strong></span> <span class='ocrx_word' id='word_1_256' title='bbox 565 3370 619 3420; x_wconf 90' lang='lat' dir='ltr'><strong>quo</strong></span> <span class='ocrx_word' id='word_1_257' title='bbox 637 3355 699 3405; x_wconf 90' lang='lat' dir='ltr'><strong>loeo</strong></span> <span class='ocrx_word' id='word_1_258' title='bbox 717 3357 858 3419; x_wconf 87' lang='lat' dir='ltr'><strong>posuimus</strong></span> <span class='ocrx_word' id='word_1_259' title='bbox 875 3357 984 3404; x_wconf 79' lang='lat' dir='ltr'><strong>eerstas</strong></span> <span class='ocrx_word' id='word_1_260' title='bbox 1002 3368 1052 3419; x_wconf 85' lang='lat' dir='ltr'><strong>pro</strong></span> 
     </span>
     <span class='ocr_line' id='line_1_38' title="bbox 83 3419 1053 3486; baseline 0 -15"><span class='ocrx_word' id='word_1_261' title='bbox 83 3421 190 3472; x_wconf 82' lang='lat' dir='ltr'><strong>eodieie</strong></span> <span class='ocrx_word' id='word_1_262' title='bbox 207 3425 316 3473; x_wconf 84' lang='lat' dir='ltr'><strong>seratas</strong></span> <span class='ocrx_word' id='word_1_263' title='bbox 335 3426 364 3472; x_wconf 89' lang='lat' dir='ltr'><strong>et</strong></span> <span class='ocrx_word' id='word_1_264' title='bbox 380 3422 513 3486; x_wconf 73' lang='lat' dir='ltr'><strong>marginis</strong></span> <span class='ocrx_word' id='word_1_265' title='bbox 530 3421 665 3474; x_wconf 72' lang='lat' dir='ltr'><strong>ineratus.</strong></span> <span class='ocrx_word' id='word_1_266' title='bbox 700 3421 754 3472; x_wconf 86' lang='lat' dir='ltr'><strong>Pro</strong></span> <span class='ocrx_word' id='word_1_267' title='bbox 771 3436 858 3472; x_wconf 84' lang='lat' dir='ltr'><strong>unone</strong></span> <span class='ocrx_word' id='word_1_268' title='bbox 870 3419 989 3471; x_wconf 85' lang='lat' dir='ltr'><strong>Ovidius</strong></span> <span class='ocrx_word' id='word_1_269' title='bbox 1001 3420 1053 3470; x_wconf 78' lang='lat' dir='ltr'><strong>hs·</strong></span> 
     </span>
     <span class='ocr_line' id='line_1_39' title="bbox 81 3487 940 3555; baseline -0.002 -17"><span class='ocrx_word' id='word_1_270' title='bbox 81 3502 144 3539; x_wconf 86' lang='lat' dir='ltr'><strong>mue</strong></span> <span class='ocrx_word' id='word_1_271' title='bbox 161 3489 284 3555; x_wconf 79' lang='lat' dir='ltr'><strong>praebet.</strong></span> <span class='ocrx_word' id='word_1_272' title='bbox 355 3491 412 3544; x_wconf 88' lang='grc'><strong>721</strong></span> <span class='ocrx_word' id='word_1_273' title='bbox 431 3489 569 3540; x_wconf 85' lang='lat' dir='ltr'><strong>Neveleti.</strong></span> <span class='ocrx_word' id='word_1_274' title='bbox 588 3505 616 3555; x_wconf 90' lang='lat' dir='ltr'><strong>p</strong></span> <span class='ocrx_word' id='word_1_275' title='bbox 635 3490 686 3538; x_wconf 78' lang='grc'><strong>520</strong></span> <span class='ocrx_word' id='word_1_276' title='bbox 702 3487 751 3538; x_wconf 86' lang='lat' dir='ltr'><strong>lin.</strong></span> <span class='ocrx_word' id='word_1_277' title='bbox 770 3489 840 3537; x_wconf 75' lang='grc' dir='ltr'><strong>2ιο</strong></span> <span class='ocrx_word' id='word_1_278' title='bbox 857 3488 940 3540; x_wconf 77' lang='lat' dir='ltr'><strong>inire</strong></span> 
     </span>
    </p>
   </div>
   <div class='ocr_carea' id='block_1_4' title="bbox 0 0 1260 3917">
    <p class='ocr_par' dir='ltr' id='par_1_4' title="bbox 0 0 1260 3917">
     <span class='ocr_line' id='line_1_40' title="bbox 0 0 1260 3917; baseline 0 1"><span class='ocrx_word' id='word_1_279' title='bbox 0 0 1260 3917; x_wconf 95' lang='lat' dir='ltr'><strong> </strong></span> 
     </span>
    </p>
   </div>
  </div>
 </body>
</html>
