2509 3917
220 347 244 409 E
266 346 345 408 bello
367 347 485 408 tandem
511 346 665 426 Sarpedon
687 346 806 406 saueius
828 346 900 416 exit,

262 432 295 492 ln
319 431 371 492 tali
393 431 460 493 talis
482 432 605 492 flumine
627 431 717 510 pistis
738 431 805 490 erit.

220 515 321 594 Pugna
344 515 409 577 dies
430 522 530 577 manet
552 516 580 576 in
605 514 729 595 aliquos,
752 530 822 593 pars
843 520 972 595 utraque
994 515 1105 596 perdit,
1151 514 1157 525 “

262 600 416 662 APriami
439 599 542 681 plures
564 607 650 679 parte
672 600 787 678 perisse
810 606 907 677 putes.
1145 607 1192 658 680
1246 632 1248 691 p

1234 104 1241 137 Ι

220 192 263 257 94
527 193 589 248 nro.
607 190 659 248 111.
694 208 720 244 v.
739 194 883 249 ora-roa

405 779 480 834 PAX
497 778 622 834 Daren
639 778 712 834 Pan
728 774 862 834 ANNUM
878 778 996 835 onim.

219 903 325 964 Pacem
348 902 438 982 Troja
461 906 545 982 petit,
569 902 657 964 datur
679 920 767 971 anuo,
791 919 918 981 corpora
940 912 1095 979 quaerunt

262 989 339 1049 Sana
361 986 463 1057 larem,
487 989 605 1048 laticem
628 988 740 1055 saucia.
765 1004 848 1047 caesa
873 984 1021 1048 scrobem.

218 1074 320 1135 Firma
342 1071 416 1132 tides
439 1073 588 1151 utrimque
611 1080 720 1140 manet,
744 1088 798 1150 per
821 1078 919 1131 eastra
941 1078 1067 1150 vagatur

261 1156 392 1217 Graeeus
413 1155 571 1225 Dardania,
594 1155 751 1218 Dardanus
774 1156 918 1233 Argolica.

217 1240 311 1300 Troes
333 1258 400 1301 eum
421 1240 539 1310 Danais,
562 1240 656 1301 Danai
678 1258 747 1301 cum
769 1239 899 1301 Troihus
922 1237 1017 1310 ibant,
1144 1248 1189 1299 685

260 1325 361 1403 Argivi
383 1323 512 1385 subeunt
534 1326 662 1391 moenia,
686 1333 781 1385 eastra
805 1323 944 1402 Phryges.

216 1410 317 1471 Mutua
341 1410 481 1487 permixti
502 1408 656 1471 celebrant
678 1407 818 1477 convivia,
844 1408 930 1476 ludis,

259 1491 388 1562 Visibus,
412 1490 549 1572 alloquiis
571 1492 746 1569 deliciisque
769 1500 884 1552 vacant.

215 1577 383 1655 Assumptis
406 1579 496 1637 sooiis
517 1579 602 1639 iussu
624 1575 790 1637 Palamedis
812 1576 930 1637 Atrides

258 1661 292 1721 ln
314 1661 436 1741 lipsiam
457 1664 574 1732 transit,
598 1661 688 1722 ducat
708 1669 742 1721 ut
764 1660 833 1720 iude
855 1659 948 1721 eibos.
1069 1656 1072 1661 ’
1143 1669 1189 1719 deu

215 1745 257 1805 [ie
280 1744 445 1806 Palamedis
465 1746 509 1807 ibi
530 1747 563 1807 iit
584 1746 730 1806 seditione
752 1745 883 1824 querela,

256 1829 378 1889 Atrides
400 1833 498 1908 primo
520 1828 611 1890 verba
634 1829 746 1890 levarat
768 1846 812 1890 ea.

215 1913 253 1971 Se
276 1914 349 1973 socii
372 1912 500 1974 doluisse
522 1916 639 1983 ierunt;
663 1914 785 1974 mutatio
807 1914 903 1990 regni,

256 1995 351 2066 Quam
373 1996 473 2067 voluit,
496 1995 608 2079 populo
632 1998 788 2058 commoda
810 2015 903 2075 pauca
926 1995 1004 2058 tulit.

214 2079 257 2139 Te
280 2082 378 2157 potius
400 2090 502 2159 regern
526 2081 669 2143 vellemus
691 2100 780 2161 quam
802 2080 1001 2151 Palamedem,
1139 2088 1184 2140 695

256 2163 314 2223 Pro
336 2182 369 2224 se
391 2166 519 2228 suadere
542 2175 665 2226 noverat
687 2165 735 2225 ille
759 2165 846 2226 bene.

213 2247 290 2329 Non,
313 2252 411 2327 inquit
432 2251 521 2310 sociis
542 2252 744 2327 Agamemnon
767 2250 803 2310 ad
826 2253 890 2324 ista,
914 2247 1075 2321 molestor;

256 2332 320 2393 Non
342 2331 418 2394 mihi
441 2336 588 2414 surrepsit
608 2332 688 2395 ullus
711 2333 839 2395 abinde
862 2332 961 2401 dolor;

213 2416 271 2478 Sed
284 2415 427 2479 'nostrum
451 2434 627 2496 peragamus
651 2435 733 2494 opus,
758 2418 919 2479 reddamus
942 2426 1068 2480 onustas

253 2506 376 2563 Annona
399 2521 497 2571 naves,
521 2511 550 2563 et
571 2509 741 2578 repetamus
762 2503 832 2564 iter.
1139 2512 1186 2561 ⁷00

213 2584 331 2644 Interea
353 2585 499 2666 Phrygios
520 2585 658 2647 observat
680 2587 777 2646 cautio
801 2605 912 2656 mitres,

253 2668 438 2748 Praecipitur
459 2671 562 2733 firmus
585 2672 698 2730 firmior
721 2687 786 2730 esse
809 2670 901 2731 loeus.
1026 2747 1029 2752 ,

210 2750 248 2810 Et
269 2751 339 2828 vigil
361 2754 513 2830 Argolicas
536 2763 634 2816 servat
657 2755 790 2815 custodia
814 2754 917 2821 lassas,

252 2833 394 2897 Difficiles
417 2837 525 2899 habeat
546 2839 641 2900 hostis
663 2845 695 2898 ut
717 2839 787 2899 inde
809 2841 881 2897 rias.

209 2987 412 3003 -..-......,...

276 3071 334 3124 681.
352 3071 466 3139 Margo:
486 3073 542 3123 Pax
559 3073 622 3133 VII,
640 3072 721 3121 unius
740 3070 814 3126 anni.
875 3073 934 3122 68¹2.
954 3074 1081 3125 scrobem
1101 3075 1181 3126 seho-

208 3137 265 3186 lion
297 3141 429 3202 marginis
456 3142 670 3206 interpretatura
698 3140 811 3191 fossam.
897 3141 956 3196 690.
984 3140 1107 3205 Mysiam
1130 3158 1178 3208 pro

207 3199 351 3260 Moesiam.
421 3209 480 3262 699.
498 3223 515 3257 a
535 3206 658 3270 margine
676 3221 725 3270 pro
743 3211 864 3258 onestaa.
