2509 3917
414 190 475 245 ura.
495 190 527 239 v.
565 207 591 240 v.
608 192 753 243 aer-ore.
1004 179 1063 245 161

138 344 275 415 Quorum
298 339 377 404 bella
400 341 471 403 mihi
494 348 563 404 sunt
585 341 665 404 velut
687 340 730 403 ira
753 340 847 402 nothi.

89 430 160 490 liex
185 426 281 506 sepeli
303 424 424 496 bellum,
448 435 517 506 pete
539 445 653 507 pacem,
677 425 770 487 redde
792 428 933 505 quietem,
1013 431 1063 481 885

140 513 250 574 Pauset
271 519 313 580 ut,
337 519 384 572 est
405 519 535 590 tempus,
558 512 636 572 lesse
660 509 764 571 labore
786 527 901 570 manus.

89 596 153 669 Oui
176 613 265 674 grave
286 602 387 673 portat
409 612 485 656 onus
507 597 539 656 lit
562 603 622 656 toto
645 612 772 674 corpore
793 610 916 673 pronus,

140 682 178 745 Et
199 680 266 761 quia
290 680 321 739 tlt
342 697 466 758 pronus,
489 698 577 758 saepe
601 681 721 759 reponit
743 695 830 739 onus.

92 766 160 827 Pax
181 766 261 825 risus
281 765 398 833 mentis,
420 780 478 841 pax
501 771 546 824 est
567 767 711 843 pincerna
734 761 848 832 salutis,

142 848 167 919 Ο
190 865 278 927 quarn
302 846 440 909 dillleiles
462 856 531 908 sunt
553 850 617 909 sine
640 864 713 927 pace
736 847 813 907 diest

94 934 178 996 Pace
200 931 290 993 Ceres
312 933 429 1010 gaudet,
454 940 484 992 et
507 950 566 1001 ros,
591 940 702 1010 optate,
726 929 823 991 coloni

141 1017 319 1096 Perpetuam
341 1034 445 1095 pacem
467 1016 681 1097 pacificumque
703 1015 819 1076 ducem.

97 1102 209 1163 Pacem
231 1101 291 1161 tlro
312 1108 398 1178 roget
420 1100 520 1169 tironi,
544 1104 622 1163 sicut
644 1117 783 1178 agrorum

143 1188 244 1266 Aeque
267 1182 375 1246 cultori
397 1186 480 1265 pacis
502 1184 578 1246 oliva
600 1185 688 1246 valet.

390 1381 534 1451 [rorum
552 1380 779 1451 sensenna]

98 1504 239 1567 Nondum
261 1504 396 1565 finierat:
420 1505 492 1582 pax!
515 1505 585 1581 pax!
608 1506 778 1565 communio
802 1503 918 1572 clamat,

146 1589 260 1651 Ores!
283 1604 339 1665 pax
361 1588 421 1657 liat,
445 1586 550 1650 bellica
573 1605 662 1649 causa
685 1589 781 1650 eadat.

101 1672 181 1745 Quin
203 1672 334 1752 prodest,
357 1672 459 1733 fructu
480 1690 540 1733 non
563 1671 764 1751 respondente
786 1671 889 1743 labori,

151 1755 288 1818 Subdere
309 1764 472 1836 perpetuae
494 1775 620 1836 corpora
643 1757 722 1817 lenta
744 1758 832 1817 neeil

104 1841 205 1903 Ardua
228 1837 508 1902 sollieitis'victoria
530 1842 685 1920 quaeritur
707 1842 807 1910 armis,

147 1925 213 1988 Non
234 1943 339 1987 sumus
361 1927 392 1986 ln
415 1926 526 1988 nostris
548 1924 598 1988 hic
619 1925 764 1987 latitando
786 1925 870 1986 locis.

106 2010 250 2087 Pergama
274 2008 373 2071 clausa
394 2017 502 2088 pavent
523 2008 671 2071 tironibus
693 2009 789 2070 obsita
811 2011 945 2085 Graecis,

150 2094 190 2155 Ut
211 2093 287 2173 lapis
308 2094 464 2172 aequoreis
486 2092 617 2173 undique
639 2093 744 2173 pulsus
766 2095 858 2173 aquis.

109 2178 267 2239 Proximus
289 2195 305 2238 a
327 2178 414 2238 tectis
435 2194 524 2254 aegre
547 2178 718 2238 detenditur
739 2173 828 2255 ignis,

151 2262 277 2340 Saepius
300 2260 417 2322 avulsus
439 2262 552 2339 ingruit
573 2259 623 2321 ille
646 2263 749 2340 magis.

108 2343 282 2408 Miscuimus
303 2344 413 2406 multos
434 2348 587 2405 teterrima
612 2342 689 2406 bella
711 2362 766 2423 per
788 2362 891 2415 anuos,

151 2430 189 2491 Et
210 2446 290 2490 nunc
311 2427 452 2507 Argolici,
474 2445 555 2490 nunc
577 2428 715 2491 cecidere
737 2431 791 2490 tui.

109 2514 190 2575 luter
212 2532 267 2574 nos
289 2531 393 2574 omnes
416 2520 461 2574 est
482 2507 602 2574 turbula
623 2530 714 2593 parva
737 2522 888 2592 superstes

152 2598 190 2659 lit
211 2599 267 2667 rix,
291 2598 341 2674 qui
363 2605 510 2676 superest,
533 2614 615 2659 arma
637 2596 735 2659 levare
758 2606 865 2677 potest.

111 2682 234 2743 Graecia
256 2689 369 2760 pugnat
391 2681 488 2743 adhuc
510 2681 603 2743 tardis
625 2681 703 2762 apud
726 2680 801 2743 llion
824 2682 923 2752 armis,

155 2765 217 2827 Nec
239 2783 324 2827 meus
346 2766 504 2828 diffindens
527 2784 583 2827 nee
605 2783 712 2827 manus
732 2766 824 2828 instat
846 2770 907 2838 eis;

111 2849 185 2911 llam
209 2849 325 2920 lassata,
350 2852 437 2911 nimis
459 2850 591 2911 nondum
615 2850 732 2920 lassata,
755 2854 889 2920 recessit,

155 2932 285 3003 Plebem,
308 2951 384 3013 quae
405 2934 508 3004 latitat,
532 2934 568 2995 ad
592 2952 666 2995 nova
690 2934 767 2995 bella
789 2937 870 2997 citat.

181 3136 238 3188 884.
257 3133 344 3187 schol.
362 3135 447 3190 venti.
520 3135 579 3186 886.
600 3136 659 3188 eod.
679 3136 765 3201 sepel.
844 3136 903 3191 891.
921 3134 1078 3188 allusiones

115 3201 269 3254 Ouidianae
287 3206 317 3251 ut
334 3202 413 3252 uase.
432 3202 454 3265 Ι,
472 3203 531 3253 696,
550 3204 608 3257 ⁷04.
661 3203 719 3254 899.
737 3203 856 3255 imitatio
868 3203 972 3254 Lucan.
985 3204 1080 3255 Pluere.

28 3297 29 3306 ,
117 3271 147 3320 V.
166 3271 223 3321 278.
258 3296 292 3305 —
309 3294 341 3306 ·-
361 3268 423 3321 linis
443 3273 504 3334 quis
522 3269 667 3337 quaeritur
685 3266 787 3322 armis?

29 3333 31 3394 ζ
115 3339 174 3389 eoa.
194 3335 287 3388 ovini
304 3337 380 3387 nem.
399 3337 457 3390 mc.

74 3451 78 3456 ,
267 3405 413 3455 Proximus
432 3422 449 3455 a
466 3405 549 3455 lectis
566 3404 642 3470 ignis
660 3404 819 3456 defenditur
837 3420 928 3473 aegre.

113 3473 174 3527 908.
193 3471 253 3524 cod.
274 3472 343 3537 quis.
413 3473 472 3527 911.
490 3488 517 3527 n.
534 3471 553 3528 l.
570 3488 596 3524 n.
616 3488 643 3522 n.
660 3471 679 3528 l.
698 3473 825 3523 sauciata
843 3487 897 3523 rec.

167 3560 259 3604 Troilus.
275 3575 277 3578 ·
847 3558 877 3605 ll
