2509 3917
525 191 677 246 Praefatio,

164 342 202 403 Et
223 342 308 411 bene,
331 344 356 402 si
379 343 509 411 memini,
532 343 576 404 ias
598 353 643 404 est
666 344 702 405 ab
725 345 811 406 hoste
834 344 934 407 doceri

206 427 412 507 virtutumque
435 428 544 489 Satban
567 428 695 490 fabricat
717 448 799 491 arma
821 429 883 491 tibi.

165 510 224 571 Nos
246 511 282 572 ad
304 521 472 592 serpentes,
496 514 639 574 formicas
660 512 859 592 bestiolasquo

206 595 242 656 Ei
262 613 348 658 saera
370 604 512 675 pennatas
534 600 640 677 pagiua
663 600 854 669 minitores,

163 679 201 741 Ει
223 679 297 741 mibi
319 680 539 760 tuoloquor,
565 685 634 760 quia
657 701 704 744 me
725 683 858 763 jumenta
881 682 1040 754 docebunt,

205 764 241 824 Et
264 764 335 824 nihil
359 775 403 826 est
426 766 504 842 quod
526 785 586 827 raon
608 768 703 846 prosit
725 776 755 829 ει
777 767 855 828 obsit
876 768 965 829 idem.

162 848 217 910 Hic
240 857 326 910 sonat
348 850 466 918 invidia,
490 848 573 918 livor.
599 854 784 932 truculentia,
807 853 910 928 fastus,

205 932 346 1002 Ambitio,
369 951 488 1001 rancor,
513 938 569 1013 ira,
591 935 692 1003 iibido,
717 935 810 998 dolus.

163 1016 350 1079 Postremum
374 1036 444 1080 vero
466 1019 573 1098 Trojoe
595 1021 766 1082 miseranda
789 1024 873 1083 ruina

205 1101 397 1164 lniormatira
420 1103 537 1182 singula
560 1123 632 1166 voce
654 1115 754 1167 sonat:

163 1184 201 1246 Ut
222 1189 319 1248 malus
341 1187 474 1257 obsistat,
495 1188 654 1269 justusque
677 1193 805 1266 resistat,
829 1189 944 1259 habeto,

203 1269 263 1331 Sed
286 1273 353 1351 quia
377 1272 548 1334 clauserunt
570 1274 644 1335 baec
667 1273 743 1336 maia
767 1276 831 1336 sine
854 1275 942 1337 maio.

162 1353 248 1425 Quod
272 1356 371 1417 brevis
393 1365 438 1417 εει
459 1359 546 1438 risus,
570 1359 649 1439 quod
672 1358 819 1439 longaque
841 1359 964 1422 lacrima
980 1362 1083 1423 muudi

203 1438 359 1510 Quondam
382 1441 471 1520 Troja
494 1451 600 1521 potens
623 1445 784 1505 incinerata
807 1444 903 1505 docet.

160 1522 225 1583 Jam
249 1525 368 1586 firmum
390 1525 463 1587 nibii
487 1536 542 1598 est,
566 1531 613 1600 cui
637 1545 696 1588 nou
719 1537 816 1589 metus
839 1547 906 1590 asse
928 1533 1033 1591 ruinae

201 1608 301 1670 Possit
323 1617 352 1670 et
374 1610 430 1672 boc
452 1609 567 1682 subiio;
589 1629 755 1692 persequor
777 1630 848 1689 ergo
871 1615 962 1674 ciio⁴‘.

122 1690 179 1751 Cur
201 1691 334 1771 elegiaco
357 1713 444 1775 quam
466 1696 588 1757 heroico
611 1705 708 1757 metro
724 1697 861 1758 maluerit
876 1715 995 1760 carmen
1011 1717 1082 1760 con·

93 1813 98 1820 -
121 1774 200 1846 dere,
224 1785 328 1838 auctor
350 1780 431 1840 bisce
454 1778 553 1858 prodit
574 1782 720 1859 prooemii
743 1781 878 1842 versibus
902 1781 942 1844 18
958 1801 1039 1862 sqq:

164 1861 245 1929 „Res
267 1871 367 1941 gestae
389 1881 554 1944 regumque
577 1865 744 1946 ducumque
766 1867 875 1927 ferocia
899 1868 976 1929 iacta

161 1943 224 2015 Quo
247 1947 339 2009 scribi
360 1956 483 2027 possent
505 1968 628 2009 numero
651 1953 825 2012 monstravit
846 1950 1002 2014 Humerus.

161 2029 284 2092 Scilicet
305 2032 427 2094 heroico
450 2033 566 2094 dicetur
588 2037 723 2102 iorsitan.
746 2036 795 2095 isti

161 2114 291 2177 Currere
313 2118 451 2179 versiculi
472 2120 538 2197 quia
562 2119 708 2181 deberent
729 2120 805 2197 pede
827 2120 887 2192 tali,

160 2198 306 2278 Quodque
328 2219 382 2279 per
405 2205 527 2280 exiguos
550 2222 724 2283 magnorum
748 2220 852 2282 magua
877 2207 1008 2266 virorum

161 2282 279 2344 Proelia
302 2304 363 2347 nou
386 2286 489 2349 deceat
511 2288 612 2366 elegos
635 2292 791 2370 scripsisse
814 2287 990 2366 probabant.

161 2366 239 2428 Sane
263 2370 404 2445 concedo,
426 2372 478 2432 sed
501 2382 584 2450 gesta
606 2376 773 2434 miserrima
796 2371 895 2433 scribo

151 2451 196 2513 m
218 2460 334 2531 strages
356 2458 483 2519 miseras
505 2460 693 2523 miserorum.
718 2459 769 2535 qui
791 2459 930 2519 misereri

160 2535 325 2599 Noluerant
347 2541 405 2602 sibi
428 2540 578 2610 necabis,
602 2543 654 2603 sed
677 2551 773 2604 morte
796 2541 946 2603 metebant

161 2620 200 2680 Se
223 2624 331 2683 misera
355 2627 474 2696 misere,
497 2628 608 2687 misero
631 2626 801 2689 stimulante
823 2628 935 2688 furore.

162 2704 220 2766 Per
242 2710 371 2770 miseros
393 2712 485 2787 igitur
507 2710 606 2789 elegos
629 2712 686 2772 boo
708 2712 818 2773 ducere
841 2729 961 2772 carmen

161 2787 286 2851 Decrevi
309 2795 447 2857 miseram
470 2805 581 2856 sortem
604 2800 762 2859 miseratus
785 2814 898 2865 eorum,

161 2874 203 2933 lie
226 2874 335 2953 quibus
356 2877 407 2939 hic
428 2879 547 2957 legitur,
570 2881 674 2941 miseri
696 2883 748 2960 qui
770 2887 866 2941 eastra
889 2890 1061 2960 sequuntur.

161 2957 223 3018 Hac
246 2967 347 3021 nostra
369 2965 485 3025 ratione
507 2962 601 3045 stylus
623 2983 684 3025 uon
707 2965 811 3026 debuit
833 2967 903 3026 istas

161 3040 301 3105 Scribere
323 3064 380 3110 uec
402 3048 505 3111 debuit
526 3049 652 3110 heroum
675 3052 807 3112 carmine
830 3058 934 3120 morte,

163 3126 220 3187 Sed
245 3134 380 3194 numeris
401 3132 458 3194 sub
481 3133 653 3213 disparibus
674 3134 721 3194 iex
743 3136 867 3196 metrica
889 3134 986 3202 saltat,

162 3209 317 3290 Tanquam
341 3216 377 3277 de
400 3220 519 3280 miseris
541 3218 615 3280 baec
637 3227 683 3279 est
705 3222 848 3289 narratio,
872 3220 981 3281 dicam.

204 3295 351 3367 [teretem.
375 3305 425 3382 qni
448 3321 555 3381 magno
578 3302 744 3364 inhonore
766 3305 843 3383 apud
867 3321 971 3364 omnes
992 3303 1083 3365 medii

122 3382 182 3441 aeri
204 3384 365 3463 scriptores
387 3389 450 3459 inii,
474 3391 560 3449 auxie
583 3396 613 3448 ει
635 3388 741 3449 iisdem
765 3405 860 3467 paene
882 3388 982 3448 verbis
997 3395 1082 3449 triens

121 3474 240 3528 secutus
262 3476 316 3539 εει,
340 3481 373 3532 ut
394 3473 458 3552 ipse
481 3481 605 3533 testatur
626 3470 679 3533 ΙΙΙ).
703 3472 752 3538 ΙΙΙ,
775 3492 802 3532 ν.
826 3468 890 3533 239
905 3491 985 3551 sqq:
