2509 3917
454 807 749 884 HILDEBERTI

272 973 441 1040 VERSUS
463 974 524 1039 Du
546 973 727 1040 EXCIDIO
751 973 926 1038 TROIAE.

120 1164 244 1234 Divitiis,
267 1181 371 1243 regnu,
394 1167 504 1242 specie,
528 1165 645 1231 virtute,
669 1162 839 1242 triumphis,

162 1248 225 1310 Rex
247 1248 382 1309 Priamus
405 1247 485 1308 clara
508 1246 605 1309 clarus
627 1249 657 1307 in
680 1246 755 1308 urhe
775 1249 843 1312 luit.

118 1334 194 1394 llum
216 1351 278 1401 rex,
303 1331 373 1392 dum
395 1350 545 1411 proceres,
568 1332 638 1392 dum
662 1340 776 1392 starent
799 1332 940 1409 Pergama
964 1333 1063 1411 Troja,

158 1416 243 1487 ,Quae
266 1418 365 1486 decus,
390 1425 419 1475 et
440 1418 554 1495 species
577 1424 607 1476 et
629 1424 719 1494 caput
739 1415 822 1476 urbis
844 1425 917 1477 erat.

119 1500 180 1562 Rex
203 1500 356 1564 Hecubam
381 1501 464 1561 duxit
486 1502 595 1562 sociam
619 1499 676 1560 sibi
699 1499 860 1570 nobilitate,
1066 1514 1083 1559 r>

160 1587 317 1666 Auspiciis,
341 1586 445 1653 lcrma,
469 1584 571 1658 rebus,
594 1603 696 1644 amere
719 1595 815 1646 trono.
999 1579 1010 1588 ”

108 1670 162 1743 ΔΕιι
185 1671 240 1731 hac
263 1671 394 1749 suscepit
416 1678 512 1731 natos.
551 1670 623 1732 Erat
645 1668 756 1729 Hector
777 1671 807 1729 in
832 1668 891 1729 illis

143 1813 145 1817 .
163 1754 312 1823 Summus,
336 1756 417 1814 etin
442 1752 520 1814 bello
543 1752 678 1815 fulminis
700 1755 794 1813 instar
816 1751 940 1814 habens.

120 1836 192 1900 Plus
214 1841 297 1900 serus
319 1837 368 1900 ille
391 1838 464 1907 lere,
488 1839 554 1918 plus
578 1856 658 1906 urse,
681 1837 784 1916 plusve
808 1836 909 1916 leuue3

163 1922 212 1982 Sic
235 1924 291 1983 luit
313 1922 424 2003 absque
447 1923 510 1984 lere
531 1921 601 2000 plus
623 1921 703 1983 lerus
726 1922 775 1983 ille
799 1924 881 1983 ieris.
1050 1934 1082 1981 10

121 2005 147 2086 Q
168 2006 296 2067 faustum
320 2008 411 2069 natis!
435 2027 452 2065 u
476 2008 601 2068 faustum
625 2005 752 2086 conjuge
775 2009 889 2085 regern!

162 2090 193 2150 Si
215 2091 328 2170 pariter
348 2090 484 2154 Paridem
508 2108 568 2152 nun
590 2094 757 2170 peperisset
779 2094 816 2151 ei⁴
927 2169 929 2172 v

118 2174 184 2236 Non
208 2176 239 2235 in
263 2194 298 2235 eo
320 2177 437 2255 peperit
458 2179 577 2254 pignus,
601 2176 653 2236 sed
676 2176 744 2244 tela,
767 2175 818 2235 sed
841 2173 934 2252 ignes‘,
1088 2202 1106 2231 ,ι

163 2259 222 2320 Sed
246 2258 312 2328 sihi,
335 2260 386 2320 sed
410 2257 539 2328 Priamo,
563 2260 614 2322 sed
639 2261 713 2320 mala
738 2269 844 2320 cuncta
869 2261 939 2320 suis.

118 2342 182 2404 Huc
197 2353 291 2423 pater,
307 2343 363 2404 lmc
378 2346 517 2421 genitrix,
533 2342 590 2404 hoc
605 2345 731 2405 fratrum
747 2353 850 2404 coetus
865 2353 895 2403 et
908 2343 1029 2412 Hector,
1050 2355 1081 2402 15

160 2427 223 2489 Hoc
246 2430 333 2498 etiam
355 2432 444 2507 regni
465 2428 559 2507 gloria
582 2427 670 2508 Troja
693 2428 782 2489 cadit.

119 2512 204 2573 Hunc
226 2513 363 2576 Paridem
387 2514 518 2590 paritura
542 2531 651 2592 parens
673 2531 728 2591 per
750 2514 862 2573 somnia
886 2512 973 2582 vidit;

70 2669 73 2670 ⁷
161 2597 237 2657 Vidit
258 2617 313 2678 pro
337 2615 430 2675 puero
452 2617 484 2660 se
506 2600 659 2677 peperisse
683 2596 787 2657 lacem.

118 2679 194 2741 llum
217 2702 269 2746 rex
291 2685 324 2744 iu
346 2684 431 2760 signu
454 2692 523 2743 tunc
545 2684 620 2759 signi
644 2682 780 2760 percipit,
805 2680 908 2741 lmrret

161 2765 244 2837 Quod
268 2776 353 2845 parat
373 2770 404 2828 iu
428 2770 534 2847 pignus
558 2767 667 2845 impius
690 2784 754 2826 esse
776 2767 852 2845 pice.
1048 2777 1082 2824 20

117 2848 191 2910 Nam
216 2869 342 2928 puerum
366 2859 465 2914 nutum
490 2871 545 2931 pru
565 2849 651 2929 jussu
673 2852 753 2929 regis
775 2853 805 2911 in
828 2849 908 2911 ldam

125 2980 127 2985 .
161 2934 246 2995 Servi
266 2934 402 2995 tollentes
426 2953 495 2996 ense
517 2953 626 2996 necare
648 2943 764 3013 parant.

117 3016 176 3077 Sed
199 3036 274 3097 puer
296 3018 461 3097 adspiciens
484 3037 586 3100 ensem
609 3020 727 3079 radiare
750 3037 917 3090 coruscum,

160 3102 281 3164 Arridet
302 3103 399 3181 gladio
422 3107 541 3165 nescius
564 3123 636 3166 ense
658 3107 757 3170 necis;

118 3184 201 3256 Quod
224 3205 421 3266 percussurus
443 3207 570 3249 cernens
593 3206 646 3248 cor
668 3188 768 3255 llectit,
794 3198 823 3247 et
844 3189 934 3248 letum
1048 3195 1081 3244 25

160 3270 197 3330 Et
218 3273 302 3333 lerus
326 3282 356 3334 et
376 3275 487 3334 feriens
510 3269 621 3334 desinit
644 3291 708 3338 esse
731 3272 835 3332 simul,-

118 3352 180 3420 Sub
205 3355 282 3417 loliis
304 3358 399 3417 vivum
424 3357 539 3437 linquit,
564 3375 652 3437 quem
675 3365 776 3436 paster
798 3356 945 3417 oberrans

159 3439 284 3509 Invenit,
309 3452 341 3502 ut
364 3441 438 3503 loliis
461 3460 558 3522 nuper
580 3450 704 3521 opertus
727 3449 798 3500 erat.
