2509 3917
162 191 227 255 202

165 344 275 407 Omnes
298 346 418 406 omniuo
440 351 526 424 putat
546 345 648 406 hostes
670 344 764 403 hostis
786 342 907 412 amicos,

205 431 242 492 Et
263 430 404 510 quicquid
428 432 542 509 puriter
565 428 696 507 pertinet
717 427 754 487 ad
777 426 924 489 Paridem.

103 578 112 594 ‚
164 514 291 593 Legatos
311 515 402 592 igitur
423 515 545 574 mittens
566 512 639 591 legit
660 511 793 592 undique
816 513 903 586 vires,

207 598 261 660 Cui
282 616 389 677 parere
412 609 498 677 purat
519 598 653 678 quisquis
675 597 711 658 ad
735 616 818 658 arma
840 596 927 664 volet,

164 682 324 753 Sublimes,
348 682 485 752 humiles,
509 690 634 744 cunctos
655 680 764 764 injuria
785 681 866 759 regis

207 766 325 845 Tangit,
349 776 379 827 et
397 765 475 828 hanc
497 767 593 828 omnis
612 763 728 844 judicat
750 783 817 826 esse
838 783 932 825 suam.

167 852 204 913 Et
227 854 361 932 quamvis
383 850 502 913 doleant
524 852 665 931 regisque
688 869 801 930 suoque
824 849 937 923 dolore,

208 936 277 998 Plus
299 935 397 1015 pudor
421 934 546 1007 ablatae,
570 952 660 1011 quam
683 934 776 1004 dolor,
799 942 888 1012 urget
910 952 972 993 eos.

166 1021 198 1081 ln
222 1021 378 1100 Phrygiam
402 1027 493 1082 totam
516 1018 655 1098 conjurat
678 1019 802 1080 Graecia
825 1027 895 1087 tuta,

206 1104 245 1165 Ut
266 1107 380 1184 pariter
402 1112 506 1183 pereat
527 1123 594 1165 cum
618 1106 743 1181 regione
767 1102 859 1164 Paris.

170 1189 288 1251 iunctis
310 1188 434 1250 militiae
456 1192 564 1253 turmis
586 1188 780 1268 peditumque
803 1188 937 1254 catervis,
1041 1183 1044 1190 '

207 1273 390 1353 imperatio
414 1273 550 1335 Paridem
574 1292 628 1333 rex
651 1276 802 1334 animosus
824 1274 891 1332 iter.

164 1357 243 1419 lllille
264 1369 344 1418 rates
367 1359 480 1419 ducens
501 1360 577 1437 petit
599 1356 685 1428 ilion,
708 1356 826 1418 obsidet
847 1355 929 1425 illud,

207 1443 306 1513 lrruit,
331 1451 419 1522 atque
440 1444 499 1503 cito
521 1443 643 1503 vincere
665 1446 727 1503 sive
751 1444 837 1502 mori.

164 1527 294 1589 Fortiter
316 1526 435 1588 obsistit
457 1528 566 1588 Danais
589 1525 716 1604 Trojano
737 1524 885 1603 juventus,

209 1613 303 1691 lnque
327 1615 419 1673 ricem
444 1620 558 1690 strages
581 1612 712 1688 dantque
734 1613 894 1689 feruntque
916 1609 1006 1671 ieras.

166 1696 303 1775 Dumque
325 1696 381 1758 suh
404 1699 521 1758 incerto
543 1697 654 1775 pendet
675 1695 796 1754 victoria
819 1703 911 1762 certa,
973 1696 979 1703 ‘

209 1779 456 1859 interutrosque
479 1781 530 1841 diu
553 1799 619 1842 sors
643 1778 722 1839 velut
743 1797 837 1859 aequa
861 1777 947 1840 volat.

167 1862 252 1923 Nunc
274 1864 306 1925 hi
329 1883 408 1925 nnuc
430 1865 472 1926 illi
495 1883 582 1925 versa
606 1866 667 1925 vice
691 1865 770 1924 serre
793 1864 930 1925 ridentur
963 1932 965 1936 ¹

207 1947 341 2018 iusidias,
364 1950 452 2018 ictus,
476 1949 609 2019 vulnera,
632 1949 748 2017 damus,
771 1950 867 2026 sugas.

153 2031 292 2092 *Praeter
314 2050 489 2096 communes
511 2052 597 2095 casus
619 2035 771 2113 patiuntur
793 2032 897 2094 Achivi
954 2028 961 2038 ⁸

210 2116 312 2187 lllulta,
335 2117 436 2187 lomes
461 2117 586 2196 pluvias,
609 2120 733 2195 frigora,
756 2135 870 2195 cauma,
894 2119 984 2177 sitim.

169 2202 326 2263 Aeneidem
350 2220 487 2281 maguum
504 2202 685 2262 Philoctetae
708 2201 784 2260 lastu
801 2204 930 2279 sagittas

210 2286 348 2355 Poscunt,
372 2294 404 2347 ut
425 2288 540 2365 possint
561 2285 704 2364 Pergama
723 2303 815 2364 vposse
837 2288 915 2364 oapi,

168 2369 294 2430 illucet
317 2389 367 2431 eas
389 2372 509 2432 munitis
532 2380 631 2431 vatum
655 2370 746 2432 Danai
770 2369 825 2431 sibi
848 2376 1010 2449 quaerunt:

209 2455 272 2515 Hoe
294 2456 380 2516 luror
402 2455 575 2519 Hectoreus,
600 2454 646 2514 iris
669 2455 747 2514 cadit
769 2457 833 2533 ipse
856 2455 949 2514 Paris⁴
1084 2529 1086 2532 Ι

168 2539 239 2599 Sors
262 2539 369 2599 melior
391 2537 461 2600 belli
483 2537 608 2599 Teucris
629 2541 711 2598 stetit
733 2538 862 2598 Hectore
884 2545 990 2608 stante,

210 2619 269 2692 Oui
291 2642 369 2702 spes,
393 2624 445 2702 qui
468 2622 598 2702 clypeus
622 2625 672 2701 qui
694 2624 778 2699 vigor
800 2622 884 2682 urhis
907 2631 980 2684 erat.

164 2709 201 2767 At
223 2707 307 2767 ierus
328 2708 482 2778 Aeacides,
507 2717 539 2768 ut
562 2709 650 2776 venit,
675 2716 708 2767 ut
729 2706 856 2767 Hectora
879 2709 959 2776 vicit,

207 2792 258 2850 Vis
279 2791 428 2852 Teucriam
451 2795 527 2853 vieto
551 2792 668 2851 vindico
691 2794 766 2851 ricta
789 2792 855 2852 luit.
955 2787 959 2798 '

164 2874 307 2935 Aeacides
329 2884 457 2954 quantus
478 2876 579 2944 luerit,
602 2876 646 2936 rel
669 2875 772 2954 qualis,
797 2883 826 2935 et
847 2874 935 2943 unde,

207 2958 318 3030 Prodit,
343 2967 373 3020 et
393 2962 527 3021 auctoris
549 2962 654 3040 pagina
677 2958 769 3021 multa
792 2960 890 3021 docet.

167 3044 198 3104 Si
221 3045 290 3112 vim,
314 3045 339 3104 si
361 3053 503 3114 mentem,
527 3044 552 3106 si
574 3043 652 3104 bella
674 3045 805 3122 requiris
826 3042 961 3104 Achillis:
1073 3114 1075 3118 ¹

207 3125 246 3188 Ut
268 3128 390 3189 doceam
414 3131 531 3209 paucis:
555 3127 685 3189 Hectore
708 3126 803 3206 major
826 3136 899 3187 erat.
1032 3202 1034 3204 ι

166 3212 197 3272 ln
222 3216 328 3274 castris
350 3214 482 3275 Danarim
507 3213 690 3281 Palamedes,
713 3212 832 3282 Nestor,
855 3210 974 3291 Ulysses

208 3296 279 3356 Plns
301 3307 370 3357 sunt
392 3298 525 3365 consilio,
549 3315 637 3373 quarn
660 3293 809 3373 probitate
831 3296 933 3355 doces.

164 3379 317 3447 Aeacides
341 3379 422 3457 Ajar,
447 3379 614 3453 Diomedes,
636 3379 779 3456 Pyrrhus,
802 3379 935 3440 Atrides:

207 3460 261 3520 llic
283 3462 347 3529 ssus,
373 3461 421 3519 hic
443 3460 555 3530 lumen,
579 3461 629 3519 hic
652 3464 769 3539 pictatis
791 3481 876 3541 apex.
