2509 3917
412 151 538 207 uto.v1.
574 168 599 203 v.
619 129 761 211 2514280.

363 346 556 418 [alumnus
572 350 622 404 au
640 351 813 421 annuum]

104 453 194 514 Mittit
216 452 251 514 ad
273 455 404 515 Aeneam
427 473 493 515 cum
518 455 727 534 Polydamante
750 459 881 520 Siooneu

147 537 220 606 llex,
243 556 308 598 rem
331 556 390 599 non
413 537 502 600 dubia
526 541 692 602 certificare
715 549 792 604 uota.

104 620 244 682 Postulat
266 631 299 683 ut
319 624 447 701 signum,
470 622 555 684 lorus
576 627 746 702 assignetur
769 635 799 688 et
820 627 895 688 bora

149 701 311 774 Quomodo,
336 706 462 786 quaudo,
488 706 602 783 quibus,
626 717 677 770 aut
699 708 750 771 ubi
772 712 822 772 liat
845 730 929 790 opus.

103 789 174 850 lslis
196 789 340 851 Anchises
363 791 496 851 interluit
519 792 643 863 actibus,
667 795 730 854 istis
1019 807 1071 856 255

148 876 295 944 Antenor;
318 874 372 935 luit
393 875 449 937 hos
468 874 570 953 jussus
591 877 675 938 adire
699 880 802 940 Sinon.

270 1019 461 1091 [QUOMODO
480 1022 598 1077 TROJA
616 1022 802 1079 OAPIENDA
820 1025 900 1097 stu]

103 1127 158 1187 Est
177 1126 261 1188 loeus
283 1127 313 1187 in
336 1126 436 1207 l'roja,
459 1135 516 1189 stat
538 1129 568 1188 iu
590 1129 642 1191 illo
664 1136 749 1209 porta
771 1129 876 1210 locata,

148 1212 239 1272 Scaea
262 1209 431 1286 vorabatur,
453 1210 559 1291 ampla,
583 1214 702 1284 deeora,
725 1217 836 1276 nitens.

102 1294 163 1355 Pro
186 1294 310 1374 reliquis
334 1303 397 1355 erat
418 1295 488 1357 huie
510 1297 648 1376 specialis
671 1297 765 1375 gloria
788 1301 875 1377 sigui,

147 1379 219 1439 Post
240 1386 330 1459 caput
351 1380 487 1440 inventor
509 1380 677 1462 sculpserat
698 1382 772 1443 illud
797 1385 873 1460 equi.
1020 1394 1071 1443 260

106 1463 271 1525 Audierant
293 1463 366 1524 soeii
388 1463 525 1525 scelerati
547 1466 638 1527 verba
662 1466 784 1527 Sinonis

149 1548 181 1609 ln
203 1565 279 1627 quae
301 1565 335 1608 se
357 1548 511 1621 dederant,
535 1557 619 1627 pacta
640 1558 762 1629 patrare
784 1561 900 1629 parant

104 1632 225 1707 Nostra,
248 1631 353 1693 Sinoni
376 1631 467 1711 ajunt,
492 1634 611 1695 studeas
634 1635 822 1714 propendere
843 1635 935 1698 verba

149 1715 232 1793 liegi,
256 1734 331 1796 quae
353 1716 513 1797 loquimur,
536 1719 734 1796 regrediendo
756 1720 851 1781 refer:

101 1799 186 1861 Hauc
203 1806 329 1879 portam,
353 1809 577 1882 monstrantque
593 1803 673 1872 sibi,
685 1804 886 1866 reserabimus
900 1806 997 1883 Argis,
1019 1815 1071 1864 265

145 1882 289 1946 Nolumus
310 1884 366 1946 hos
387 1886 454 1946 aliis
476 1890 650 1967 apropriare
674 1886 755 1951 loeis.

103 1968 235 2048 Tempus
258 1968 428 2048 captabunt,
451 1971 546 2031 media
570 1990 690 2051 quoque
712 1980 846 2053 tempora
870 1982 997 2043 servant,

147 2052 270 2113 Venturi
292 2053 438 2132 siquidem
463 2065 595 2135 tempore
617 2058 714 2116 noetis
736 2064 834 2118 eruut.

105 2136 223 2196 Lumen
245 2138 289 2198 eis
311 2136 448 2197 dabimus
469 2156 524 2217 pro
546 2140 641 2217 siguo,
665 2139 777 2200 lumine
799 2142 862 2201 viso

148 2221 286 2281 Protinus
308 2223 340 2282 in
361 2228 478 2301 portam
498 2222 612 2283 Graeca
635 2232 753 2285 caterva
775 2224 855 2285 fluat.
1019 2234 1071 2283 270

104 2305 167 2365 Nos
190 2306 303 2366 erimus
325 2315 453 2384 praesto,
476 2306 545 2387 quid
568 2309 726 2385 agendum,
751 2324 810 2384 quo
832 2310 871 2368 sit
894 2308 1022 2369 eundum

147 2388 353 2451 indubitanter
375 2391 432 2451 erit
454 2391 572 2470 praevia
595 2400 696 2453 nostra
718 2408 833 2452 manus.

103 2474 141 2533 At
162 2490 216 2533 nos
239 2480 268 2533 et
288 2475 392 2544 nostri,
416 2493 471 2535 uos
493 2482 653 2554 nostraque
674 2494 759 2537 more
780 2483 936 2555 sequestro

151 2557 259 2618 Portae
281 2558 338 2619 iam
361 2557 457 2619 dictae
479 2558 622 2620 stabimus
644 2571 712 2621 aute
735 2559 824 2621 iores.

104 2641 162 2701 Vos
184 2648 300 2720 pactam
323 2650 438 2704 servate
461 2643 558 2714 iidem,
581 2661 640 2704 non
664 2645 793 2720 armiger
815 2642 891 2705 ullus
1019 2654 1070 2703 275

148 2724 306 2803 Contingat
328 2734 446 2788 nostras
467 2746 538 2788 ense
559 2728 605 2787 vel
627 2729 697 2805 igne
719 2728 832 2788 domos.

104 2809 183 2870 Ecce
204 2808 302 2870 lorum
325 2809 520 2888 dedimusque
542 2810 597 2873 tibi
620 2830 687 2873 eum
709 2820 844 2893 tempore
866 2813 984 2891 signum

146 2892 184 2954 Et
205 2901 299 2954 totum
322 2912 423 2955 rerum
448 2897 638 2957 [edidicisse
661 2896 794 2958 modum.

104 2976 194 3046 Vade,
217 2976 294 3038 vale:
317 2996 386 3038 eave
410 2996 447 3038 ue
469 2979 587 3051 titubes,
611 2980 807 3060 mandataque
829 2980 958 3059 frangas,

145 3063 187 3121 Ac
209 3061 283 3121 nihil
305 3080 340 3122 ex
363 3064 426 3123 istis
448 3065 507 3124 nisi
528 3065 648 3143 pienter
671 3082 750 3142 agas.
1019 3074 1070 3123 280

171 3230 230 3283 254.
248 3229 335 3280 sehol.
358 3230 526 3281 traditionis.
629 3233 687 3283 258.
706 3231 765 3289 eod,
783 3230 860 3282 Sete.
883 3231 968 3287 schol,
987 3230 1069 3281 Aliae

102 3300 200 3361 portae
217 3311 274 3347 non
291 3295 432 3348 hebebant
448 3298 537 3364 signa,
553 3298 616 3349 ideo
635 3304 719 3364 eaput
738 3300 802 3365 equi
819 3298 957 3365 sculptum
973 3299 1028 3348 fuit
1039 3299 1069 3348 in

103 3364 161 3413 istu
184 3363 303 3428 speciale
320 3365 437 3430 signum.
540 3369 599 3420 260.
616 3367 700 3418 schol.
721 3372 792 3432 post.
811 3367 828 3421 i.
848 3383 871 3420 e.
889 3365 1069 3416 extrinsecus.

103 3432 161 3480 279.
177 3431 292 3484 ‚Horatii
309 3437 351 3482 est
369 3433 459 3498 Epist.
477 3434 499 3495 l,
519 3436 560 3496 13,
579 3436 620 3490 19.
