2509 3917
417 194 479 245 Lib.
498 197 520 246 1.
537 211 581 284 'm
600 195 744 247 758-788.

95 344 221 408 Advolat
241 345 393 424 Euryalus,
418 364 485 408 cnm
508 345 681 426 Tlepolemo
703 346 869 416 Diomedes,
971 405 977 413 ,

141 431 243 503 Quini,
267 448 341 509 quos
362 439 481 507 poteret
502 431 593 492 'lroia
617 433 733 501 timere,
758 431 824 493 riri.

96 516 138 577 Hi
159 515 297 593 Spartam
319 515 451 582 veniunt,
475 514 584 594 injuria
607 516 685 577 lacta
708 514 831 583 recedit,

141 599 174 658 ln
196 607 286 679 caput
306 602 452 679 ipsorum,
476 602 527 677 qni
550 617 698 667 mernere,
722 600 830 661 ierunt.

94 685 156 746 Per
179 683 310 745 Graecas
332 683 421 744 urbes
443 702 502 744 non
525 701 637 763 paucus
660 685 783 745 nuntius
804 683 867 754 ibit,

140 769 194 829 list
215 786 300 848 opus,
324 776 357 829 ut
378 768 487 828 iactum
511 768 635 829 Graecia
657 777 719 829 tota
743 770 824 829 sciat.

96 856 188 914 Arma
210 851 410 914 movebuntur
432 871 487 932 per
508 860 599 914 totam
623 852 729 913 Dorica
752 861 874 922 terram,

141 937 293 999 Sustineat
313 938 450 998 meritam
473 937 561 998 Troia
584 937 712 1015 superbe
735 938 838 997 ricem.

94 1020 229 1099 Expedit
249 1022 363 1082 interea
387 1019 527 1083 fabricari
550 1020 630 1081 mille
652 1022 785 1094 carinas3

143 1105 232 1166 Lenti
254 1122 315 1166 non
337 1107 452 1165 erimus
473 1121 528 1184 per
550 1106 640 1166 meris
663 1106 708 1165 ire
731 1106 802 1175 vias,
917 1143 920 1150 ·

96 1188 317 1251 Coudnceudns
339 1191 395 1250 erit
417 1192 575 1259 exercituo,
599 1207 680 1250 arma
704 1190 844 1266 paranda,

143 1275 265 1335 Diverso
287 1272 391 1335 classis
414 1283 460 1334 est
481 1273 632 1334 oneranda
655 1272 731 1333 cibo.

96 1358 153 1418 Est
174 1359 319 1418 exercitui
342 1365 430 1435 ceput
452 1377 544 1419 uuum
566 1358 812 1437 praeficiendum,

142 1441 186 1503 ,id
208 1450 313 1502 nutum
337 1444 421 1503 cuius
443 1461 530 1504 omne
552 1451 676 1519 regatur
698 1459 782 1502 onus.

96 1525 161 1586 Nos
185 1541 304 1606 qnoque
327 1525 470 1587 debemus
493 1529 563 1587 totis
585 1523 761 1586 incumbere
783 1526 886 1590 remia,

144 1611 182 1672 Ut
203 1611 273 1689 rigat
294 1609 454 1689 Phrygium
478 1610 580 1671 lancea
602 1617 705 1670 nostra
727 1606 833 1669 solum.

97 1694 223 1755 Scilicet
245 1695 378 1754 adversis
400 1693 533 1774 probitas
556 1695 685 1754 exercita
708 1691 800 1754 rebus

144 1778 236 1839 Tristi
257 1778 410 1840 materiem
432 1786 565 1858 tempore
588 1777 683 1839 landis
705 1776 806 1838 babet.

260 1924 496 1981 AGAMEMNON
512 1922 638 1980 mundo
655 1922 905 1980 Pnenuucrrun.

97 2031 206 2108 Regno
228 2031 400 2110 praeficitur
421 2035 634 2109 Agamemnon,
658 2037 718 2091 tota
739 2027 859 2110 jubetur

143 2115 284 2175 Protinus
306 2117 434 2195 imperio
457 2114 581 2176 Graecia
604 2124 685 2177 stare
706 2134 771 2175 sno.

99 2200 252 2279 Praecipit
273 2210 306 2261 ut
328 2201 443 2261 Danaos
464 2209 622 2281 percurrat
644 2198 771 2279 plurima
793 2200 868 2261 flues

146 2284 269 2351 Littera,
292 2283 467 2346 describens
488 2285 537 2345 bic
559 2293 589 2345 et
613 2284 726 2364 ubique
747 2291 843 2346 rates:

100 2369 139 2428 lit
161 2366 275 2429 ratibus
295 2368 380 2429 lactis
401 2377 508 2448 portus
529 2376 668 2430 teneatur
691 2367 825 2435 amenis,
1017 2375 1067 2424 780

145 2451 185 2514 Ut
204 2471 236 2513 se
258 2455 300 2512 vis
322 2455 425 2532 populi
447 2451 566 2529 colligat
587 2454 685 2513 omnis
706 2452 759 2512 ibi.

98 2536 226 2613 ibimus,
248 2538 354 2616 inquit,
377 2536 486 2598 abhinc
508 2535 644 2616 Trojam;
667 2553 755 2617 quae,
778 2542 901 2596 strenua
923 2532 1011 2595 nobis

146 2621 178 2681 Si
200 2638 306 2683 manus
329 2628 426 2681 estet
448 2640 543 2690 mens,
567 2621 660 2682 indita
682 2619 792 2700 probra
816 2619 887 2680 luet.

99 2706 246 2783 Turpiter
267 2706 367 2767 amisit
388 2703 530 2766 Helenam
554 2708 707 2785 provincia
730 2711 843 2774 nostra,

144 2789 252 2851 Effecit
273 2788 414 2869 praedam
437 2790 549 2868 praedo
572 2789 693 2851 dolosus
715 2807 791 2850 eam.
1018 2795 1067 2844 ⁷85

99 2874 255 2935 incautam
277 2873 360 2934 Paris
383 2876 519 2952 arripuit,
542 2892 597 2954 pro
621 2871 749 2954 conjuge
770 2874 855 2934 duxit

145 2956 298 3019 Praesens
319 2958 448 3018 innocuo
470 2957 548 3020 lacta
570 2960 673 3019 nociva
696 2958 795 3018 thoro.

100 3043 209 3104 Omnis
233 3043 264 3102 in
286 3059 367 3103 arma
391 3049 468 3113 ruat,
490 3041 596 3121 gladiis
617 3059 651 3103 sc
672 3042 796 3105 Graecia
819 3041 926 3119 cingat,

172 3209 230 3263 tte.
258 3209 324 3261 (iod.
346 3209 485 3263 Auriolue.
508 3210 697 3275 Tleptolomo,
723 3210 889 3261 mutavimus
917 3224 932 3259 e
957 3207 1066 3260 Derete.

99 3279 161 3329 769.
193 3275 259 3329 (iod.
285 3279 386 3343 quini.
412 3293 505 3344 mergo
524 3278 644 3343 quinque
664 3282 693 3328 et
711 3278 798 3342 quini.
886 3276 944 3328 764.
964 3274 1068 3325 Dorice

99 3346 334 3411 superscriptum:
365 3344 480 3396 Graeca,
549 3347 606 3397 774.
631 3348 673 3397 ib.
694 3344 790 3395 Ovidii
805 3348 871 3394 sunt
887 3342 971 3395 Trict
989 3342 1023 3396 V.
1042 3343 1069 3393 b.

96 3415 143 3465 49.
151 3415 206 3478 50„
224 3428 259 3464 ex
277 3427 331 3477 qno
348 3413 411 3464 loeo
429 3414 568 3478 posuimus
580 3413 667 3463 Tristi
684 3416 781 3463 mater.
799 3427 850 3476 per
866 3409 952 3459 nostri
968 3412 1068 3459 meter.

98 3481 175 3536 erist
246 3482 306 3532 779.
324 3478 390 3531 eod,
409 3479 502 3531 litora.
