2509 3917
171 218 212 283 98
477 221 540 270 Lib.
558 220 609 270 111.
644 234 671 270 ν.
692 220 836 271 'let-822.

171 374 236 434 Rex
259 373 314 434 tibi
338 373 483 439 dissentit,
507 371 559 432 sed
582 372 696 449 virgine
719 370 827 449 diguus
851 389 893 443 es,
917 371 1024 450 inquit,

214 458 260 519 Tu
283 458 380 526 cedes,
405 456 455 517 alii
480 455 683 534 belligerando
706 463 838 517 manent.

171 542 257 604 Hosti
278 561 331 603 rex
352 548 473 621 reputat
494 541 631 600 vitiosum
657 541 774 601 tradere
797 548 906 610 natam,

216 628 273 699 Qui
295 645 375 687 nuno
398 632 444 687 est
465 624 568 688 bostis
586 643 660 685 oras
682 626 741 686 erit
762 623 812 685 ille
834 625 946 702 generi

173 712 205 773 Si
228 713 309 779 lacis,
334 718 367 772 ut
390 711 482 772 Danai
504 708 665 778 discedant,
690 708 802 788 proelia
825 710 949 779 solvant,

215 795 322 855 Pacem
345 802 533 874 perpetuent,
557 811 621 853 rem
645 802 695 854 tua
719 800 784 854 vota
805 795 915 870 ferent.

288 939 464 995 Admetus
483 939 691 995 DISSUADET
709 939 854 995 POPULO
873 938 1034 995 BELLUM.

170 1045 291 1108 Pelides
314 1045 425 1126 populo
448 1046 485 1106 de
509 1054 610 1107 cetero
632 1044 712 1107 bella
734 1045 886 1114 molestat;

215 1130 356 1192 Nostrum
381 1138 507 1210 tempus,
533 1133 585 1200 ait,
608 1129 721 1211 absque
744 1131 845 1210 quiete
869 1138 958 1191 meat.

174 1214 327 1278 Interdum
350 1214 454 1293 vulgus
476 1222 590 1275 rectum
614 1215 702 1284 videt,
726 1231 797 1276 eece
819 1214 927 1276 ‘videtis

217 1299 359 1362 Hostibus
381 1299 498 1361 assidue
520 1297 598 1359 lassa
619 1299 699 1378 quod
722 1317 774 1360 ora
798 1299 884 1362 datis.

175 1385 316 1465 Europae
339 1386 382 1446 ris
406 1390 435 1443 et
457 1384 544 1443 Asiae
565 1382 772 1460 glomerantur
794 1386 825 1443 iu
849 1400 940 1443 unum

216 1468 400 1530 Alterutrum
424 1467 504 1528 diras
526 1465 711 1546 experiendo
733 1483 856 1537 manus;

174 1555 268 1615 lmmo
292 1570 362 1614 suas
384 1555 463 1614 vires
486 1551 756 1629 totas‘expeudere
779 1556 859 1611 totus

218 1637 351 1699 intendit
372 1637 510 1705 mundus,
533 1652 622 1696 nemo
646 1637 701 1697 seit
723 1634 803 1695 unde
820 1634 900 1695 loeo.

176 1723 234 1782 Sed
257 1719 363 1780 mulier
386 1719 448 1780 sola
471 1718 580 1779 lasciva
602 1719 719 1798 pudore
739 1717 846 1780 relicto
900 1752 903 1757 >

218 1802 300 1872 Quae
319 1803 407 1881 jacet,
432 1810 479 1863 est
499 1803 572 1863 tanti
594 1805 685 1864 noxia
706 1820 795 1863 eausa
819 1803 900 1864 mali.

176 1888 309 1966 inguinis
332 1895 362 1947 et
384 1888 499 1964 capitis,
524 1904 599 1966 quae
622 1895 691 1948 sunt
713 1885 897 1957 discrimina,
921 1887 1025 1956 nescit,

219 1973 354 2031 Attamen
377 1971 459 2031 orbis
481 1988 556 2042 eam,
580 1972 619 2031 sit
641 1971 725 2048 quasi
746 1980 858 2040 saneta,
882 1969 963 2031 colit.

176 2057 241 2118 Non
266 2054 337 2115 colit
358 2054 440 2116 orbis
463 2073 538 2125 eam,
561 2073 639 2135 quae
660 2062 760 2133 spreta
784 2064 881 2116 morte
904 2055 1034 2121 vicissim

219 2138 301 2200 illius
324 2140 353 2199 in
376 2137 494 2201 laudem
517 2145 613 2199 certat
635 2141 712 2200 inire
734 2141 859 2200 necem?
886 2204 888 2207 ,

178 2223 267 2301 Cujus
288 2225 319 2283 in
342 2224 489 2286 adulterio
511 2224 685 2285 famulantia
706 2231 817 2302 quanta
841 2221 1007 2284 dederunt?

220 2310 259 2369 Se
281 2326 385 2369 saevae
408 2310 499 2369 morti
520 2307 613 2368 millia
636 2315 745 2386 quanta
770 2306 895 2369 dabant?

176 2393 317 2454 Venimus
339 2392 398 2453 buo
420 2393 498 2462 ideo,
522 2394 632 2453 misere
655 2392 820 2452 moriamur
842 2401 875 2452 ut
897 2408 1011 2457 omnes,

218 2480 274 2538 Vix
296 2475 384 2538 tellus
407 2477 503 2555 ampla
526 2475 634 2536 lunera
656 2483 748 2537 strata
772 2478 861 2555 capit.
1100 2481 1154 2530 810

176 2564 296 2639 Pauper
318 2569 351 2621 ut
371 2561 421 2621 hio
444 2561 586 2638 Phrygias
608 2558 743 2637 implerit
764 2562 844 2620 natio
864 2561 969 2628 fossas,

219 2646 272 2704 Vix
296 2644 433 2705 Priamus
456 2647 531 2705 tanti
555 2652 676 2722 totaque
698 2642 787 2721 Troja
809 2645 874 2705 luit.

177 2727 315 2791 Exilioue
337 2730 447 2807 premit
470 2745 525 2789 nos
547 2727 684 2788 Dardana
705 2726 794 2804 gleba
816 2726 975 2808 protervo?

221 2813 343 2873 Intravit
365 2821 483 2872 nostros
505 2811 632 2873 barbara
656 2811 744 2873 turba
765 2811 863 2873 lares?
922 2812 925 2818 '

177 2898 214 2958 Et
236 2898 345 2956 mirum
369 2896 447 2976 quod
473 2905 532 2956 tam
556 2896 694 2958 vilissima
717 2898 806 2957 traxit
828 2896 969 2957 honestos
1100 2901 1155 2951 815

222 2979 265 3041 Ad
288 2988 349 3041 tam
372 2980 528 3041 mortilera
551 2978 666 3060 proella
689 2998 775 3041 causa
799 2981 886 3041 viros.

179 3067 221 3133 Si,
246 3064 426 3143 siout'cepit
447 3064 518 3126 belli
540 3065 635 3140 furor,
657 3067 824 3126 irrevocato

222 3149 318 3210 Cursu
342 3150 489 3218 saevierit,
513 3167 601 3209 nemo
623 3157 776 3228 superstes
798 3149 864 3209 erit.

177 3234 242 3294 Hoo
265 3234 338 3295 socii
360 3232 495 3294 volumus
516 3234 639 3293 mactari
663 3238 796 3311 tempore
819 3232 947 3310 quanto?
1064 3288 1069 3294 ,

221 3318 349 3379 Vulnera
372 3337 456 3378 saeva
480 3317 551 3397 pati,
575 3316 695 3377 tradere
717 3315 791 3377 colla
815 3316 902 3378 neci?
1102 3322 1156 3372 820

177 3403 225 3464 lle
248 3401 319 3464 belli
342 3404 423 3482 piget
444 3404 540 3471 istius
565 3400 702 3462 desidero
724 3418 837 3480 paoem,

223 3487 296 3546 Cum
319 3486 400 3548 velut
422 3486 460 3546 ob
483 3490 600 3563 nigram
623 3486 682 3546 sint
704 3503 737 3544 ea
760 3484 836 3544 bella
859 3483 967 3544 labam.
