2509 3917
428 181 491 232 Lib.
509 181 531 232 L
568 196 593 232 v.
613 182 758 233 not-288.

306 362 482 417 Auruncu
499 362 611 417 uuum
629 362 680 417 AD
699 362 851 419 Tuomst.

102 474 233 534 Antenor
254 469 320 530 sine
343 467 428 544 fruge
451 468 554 529 ridens
577 485 609 529 se
632 471 746 530 semina
768 470 858 540 ferre,

142 554 233 617 Ocius
256 552 292 615 ad
315 552 459 633 Phrygios
482 554 546 613 vela
570 552 688 615 reflexit
710 571 812 632 agros3

102 641 228 702 Enarrat
248 637 376 708 Priamo,
400 636 470 718 quid
494 638 603 699 dixerit
624 637 684 708 ille,
709 639 778 716 quid
800 636 859 709 ille,

141 723 287 804 Quodque
310 721 392 783 dedit
413 722 503 783 variis
525 723 609 783 irrita
632 721 698 784 vela
721 722 830 785 nothis.

101 808 209 879 Orex,
232 806 352 875 adiecit,
375 805 499 885 galeatis
520 823 656 885 pungere
678 807 778 869 verbis

142 892 209 954 Nou
233 893 361 953 timuere
384 897 451 951 tuos
474 900 503 951 et
525 891 680 953 terebrare
703 893 800 954 minis.

103 978 178 1050 Quid
201 977 330 1038 recitare
353 973 451 1045 velim,
475 976 554 1052 quod
575 977 606 1036 iu
630 979 711 1039 omui
733 977 793 1039 fine
814 976 957 1056 loquendi

141 1062 258 1123 Acriter
280 1079 295 1121 a
318 1059 434 1121 loribus
456 1078 504 1120 me
525 1060 664 1138 repulere
685 1061 757 1123 suis.

100 1145 210 1209 Ulcisci
233 1154 315 1206 certe
337 1143 447 1225 prohra
471 1143 538 1205 talia
560 1145 756 1216 consulerem,
780 1148 805 1206 si
1015 1154 1065 1203 265

141 1231 246 1293 Essem
268 1228 387 1290 consilii
408 1247 479 1309 pars
501 1230 648 1309 aliquanta
670 1232 724 1292 tui.

101 1315 199 1377 Litora
221 1331 365 1394 pompose
387 1315 549 1393 tetigerunt
569 1323 683 1386 nostra,
706 1318 822 1395 potenti

142 1400 283 1460 Protinus
305 1401 336 1460 iu
354 1405 467 1460 terram
489 1397 656 1479 prosiluere
677 1401 764 1479 pede.

103 1484 274 1565 [rrumpere
296 1485 377 1545 sores
399 1481 544 1544 violenter
565 1486 598 1545 in
620 1483 713 1555 urbis,
736 1484 838 1563 ibique

144 1568 183 1630 llt
206 1586 256 1630 res
279 1574 308 1629 et
329 1576 447 1629 nostras
469 1567 620 1647 diripuere
644 1568 763 1638 domos;
1017 1578 1068 1626 ero

102 1652 246 1715 Occidere
266 1661 383 1733 patrem
406 1651 566 1713 crudeliter
588 1661 676 1730 atque
698 1671 844 1725 sororem,

141 1738 286 1817 Turpiter
308 1737 367 1797 huc
389 1754 486 1816 usque
508 1738 663 1799 detinuere
686 1744 778 1800 tuam.

27 1871 29 1886 .
101 1821 229 1891 Ludunt,
252 1821 438 1883 subsannant
457 1821 593 1884 imbelles
615 1829 646 1883 et
668 1824 733 1884 sine
756 1822 837 1883 terro

27 1967 29 1996 ‚
141 1907 215 1967 Esse
238 1906 338 1966 lerunt
360 1924 465 1968 omues
487 1906 719 1987 improperando
742 1907 884 1986 Phryges.

27 2005 29 2012 ’
102 1989 228 2053 Graecia
250 1991 282 2051 ui
303 1990 397 2052 luerit
417 1990 561 2071 Phrygios
584 1999 706 2071 experta
729 1991 855 2053 lacertos
1011 2000 1068 2074 δ275

142 2073 222 2145 Plus,
246 2093 335 2154 quam
357 2078 549 2148 senserimus,
573 2079 763 2157 experiemur
787 2093 848 2136 eos.

103 2159 181 2222 llaec
204 2176 275 2237 ego;
298 2162 324 2219 si
347 2162 416 2239 quis
438 2159 528 2220 hebet
550 2160 627 2221 aliud
650 2161 705 2221 sub
727 2169 848 2238 pectore
872 2160 1016 2232 clausum,

144 2244 300 2314 Proferam
323 2252 357 2305 ut
378 2243 467 2323 digne
489 2261 539 2306 res
561 2263 596 2305 ea
617 2246 696 2306 lorte
720 2245 815 2306 cadat.

171 2390 291 2447 DUOES
309 2389 740 2447 OONVOOANTUR‘AUDIRE
757 2391 992 2451 ANTENOREM.

104 2496 250 2559 Continuo
272 2498 409 2558 Priamus
431 2507 516 2561 vocat
538 2501 570 2559 in
593 2515 750 2559 commuue
773 2495 904 2566 Quirites

143 2582 181 2643 Ut
203 2600 293 2661 super
315 2583 361 2643 his
383 2581 506 2643 verbum
529 2583 623 2662 possit
644 2583 755 2645 hahere
777 2590 884 2644 ratum.
1018 2592 1070 2642 280

103 2664 213 2728 Hector
235 2666 320 2728 adest
340 2668 508 2746 fratresque
531 2670 577 2729 sui
600 2666 645 2728 rel
667 2671 719 2749 qui
740 2668 875 2745 generati

142 2750 187 2812 Ex
209 2749 365 2829 illegitima
387 2758 468 2812 sorte
490 2752 574 2813 luere
596 2751 677 2813 duci.
736 2745 740 2753 ’

103 2835 255 2904 Anchises,
278 2834 472 2897 Anchisiades
493 2837 603 2916 aliique
626 2834 755 2897 barones

144 2920 323 2989 Adreuiuut,
347 2918 456 3000 quihus
479 2928 525 2981 est
547 2937 640 2990 mens,
664 2921 802 2990 valitudo,
825 2919 909 2981 fides.

105 3003 204 3074 Scitis,
228 3005 268 3064 ait
289 3003 436 3074 Priamus
460 3004 568 3086 quibus
589 3006 676 3065 istam
699 3007 823 3067 Graecia
846 3003 967 3083 probris
1017 3014 1068 3065 285

143 3088 251 3149 Allecit
272 3088 407 3167 patriam,
431 3107 486 3149 nos
508 3088 677 3150 tribulando
700 3088 807 3168 palam.

105 3171 178 3233 llum
200 3172 331 3243 memini,
354 3175 529 3235 meminisse
550 3174 643 3253 pudet
664 3181 788 3252 paterna
809 3176 924 3253 rapina,

145 3256 197 3318 Est
219 3267 304 3336 pater
327 3259 451 3329 occisus,
475 3267 560 3338 capte
581 3256 690 3320 tenella
712 3277 807 3320 soror.

111 3372 305 3382 —--—————

171 3426 230 3477 266.
240 3424 309 3477 Msc.
323 3429 408 3478 certe.
448 3428 510 3482 269.
521 3443 535 3478 e
548 3428 673 3492 margine
685 3443 734 3492 pro
746 3428 875 3479 silenter.
929 3427 989 3479 283.
999 3425 1070 3483 Meo.

105 3489 299 3544 Anchidiedes.

831 3576 867 3627 2*
