2509 3917
424 214 526 283 nabar,
560 231 586 272 v.
604 218 749 272 ara-ale.
1025 214 1066 279 21

94 371 210 436 Laetus
231 370 263 430 in
286 386 368 430 arma
392 372 459 430 veni
481 386 537 430 nec
560 369 670 444 lemno,
693 387 811 449 semper
832 371 865 431 in
888 370 960 442 istis,

142 456 176 517 Si
197 454 275 515 bene
296 460 325 514 te
348 455 424 524 novi,
448 471 533 515 mens
555 463 619 515 erat
641 461 709 534 apta
730 452 795 516 tihi.
1016 463 1067 514 ³20

97 539 187 613 Quod
210 544 261 600 tua
283 546 313 599 te
334 540 430 599 virtus
452 540 534 600 iuret
556 547 586 600 et
608 540 764 619 sapientia,
789 538 878 599 credo

141 624 244 704 Turpe
266 640 322 685 nec
344 630 389 684 est
411 622 463 684 tali
484 619 660 685 credulitate
683 625 758 701 capi.

96 709 226 790 Saepius
248 718 405 788 expertum
428 707 498 769 lacit
520 709 702 788 experientia
725 719 849 780 certum,

141 793 186 855 lu
210 809 313 854 causas
335 801 421 854 notas
442 800 489 854 est
510 792 647 854 dubitare
668 795 762 858 nefas.

94 878 219 949 Laetus,
243 877 292 946 ait,
316 878 448 947 veniam;
471 895 528 938 nec
550 895 598 938 me
620 875 705 938 labor
726 876 776 938 ille
798 875 942 956 gravabit,

141 963 236 1024 Maior
259 961 296 1022 ab
319 964 419 1022 occiso
442 979 527 1024 mens
548 961 623 1022 mihi
646 962 754 1023 crescit
776 980 840 1023 avo.

94 1046 246 1109 Provocat
267 1046 415 1127 Hespone,
438 1045 565 1126 praedae
587 1046 734 1117 violentia,
758 1053 881 1125 strages,

143 1132 291 1212 llultaque
314 1148 391 1210 quae
412 1133 508 1192 nostri
529 1131 701 1194 sustinuere
723 1130 862 1212 Phryges

96 1216 132 1278 Si
154 1214 261 1297 placet,
284 1214 351 1287 ibo;
375 1214 445 1277 licet
466 1214 540 1277 mihi
562 1233 618 1276 nec
640 1215 797 1296 prudentia
820 1215 929 1277 mentis

142 1300 204 1363 Nec
226 1299 301 1362 mihi
324 1303 363 1362 sit
383 1302 476 1362 virtus
498 1302 642 1381 corporis,
667 1300 717 1361 ibo
739 1307 849 1366 tamen.

96 1385 183 1458 Quae
205 1393 310 1466 potero
332 1386 446 1456 faciam,
469 1386 521 1446 sed
544 1384 771 1466 praemeditatio
792 1403 893 1446 rerunt

141 1470 238 1550 Saepe
260 1469 340 1531 hono
364 1488 483 1532 causam
506 1471 646 1532 claudere
668 1471 727 1531 line
750 1469 835 1530 solet.

95 1554 289 1634 Principium
310 1556 460 1635 finemque
483 1558 529 1615 rei
551 1554 710 1633 prudentia
733 1561 848 1634 spectat

44 1685 48 1695 .
142 1638 199 1710 Qui
222 1640 312 1700 nimis
335 1646 379 1700 est
400 1647 482 1702 tutus
505 1640 579 1701 retia
600 1637 667 1718 jure
690 1637 778 1700 subit.

96 1724 166 1786 Non
190 1730 236 1785 est
258 1726 358 1802 ignota
381 1741 443 1785 res:
468 1731 512 1785 est
534 1726 678 1802 sapientia
702 1724 833 1794 Graecia,

142 1808 280 1871 Consiliis
302 1807 427 1879 inhiant,
451 1826 521 1870 ense
543 1826 692 1890 manuque
714 1806 813 1870 valent

95 1894 239 1955 Protinus
260 1899 294 1953 ut
315 1900 451 1956 nostrum
473 1900 571 1954 movet
591 1892 651 1954 illis
673 1892 794 1953 dextera
817 1890 938 1963 belluna,

142 1976 211 2039 Non
232 1985 304 2056 puto
326 1980 399 2055 quin
421 1977 523 2057 plures
544 1976 725 2039 auxilientur
748 1978 806 2048 eis;

97 2063 221 2123 Vicinos
243 2062 372 2140 aliosque
396 2062 486 2124 duces
507 2062 695 2143 populosque
718 2060 841 2122 ciebunt

142 2146 314 2209 Occurrunt
336 2147 424 2207 uobis
445 2146 476 2207 hi
499 2147 578 2208 velut
601 2146 680 2208 unda
700 2146 802 2212 maris.

98 2230 193 2301 lune,
218 2230 296 2308 quod
318 2229 438 2294 inbellis
459 2249 514 2311 pro
537 2230 740 2294 dissuetudine
762 2229 834 2292 belli

142 2316 231 2378 Extat
252 2314 348 2377 adhuc
369 2317 450 2385 Asia,
473 2316 622 2377 desidiosa
645 2317 745 2392 quasi;

100 2398 168 2461 Non
191 2400 233 2461 sic
254 2398 389 2478 Europa:
413 2418 531 2480 semper
553 2400 671 2461 sudavit
692 2403 723 2458 in
745 2400 849 2467 armis;

143 2482 254 2545 Bellica
277 2483 418 2545 nimirum
441 2484 562 2545 brachia
584 2482 662 2545 bella
685 2485 792 2544 sciunt.

99 2567 178 2629 Hinc
200 2569 323 2630 Graecis
344 2568 440 2631 valida
463 2577 533 2631 sunt
551 2587 646 2639 arma,
669 2566 818 2648 probatio,
839 2565 933 2629 multa
1019 2575 1069 2624 ³46

144 2650 255 2713 Classis
277 2655 330 2723 eis,
353 2651 440 2715 nobis
462 2654 566 2714 inclita
587 2650 668 2714 nulla
689 2655 773 2714 ratis.

98 2736 138 2797 At
159 2735 231 2797 licet
253 2738 377 2798 eximias
399 2737 558 2818 protendat
579 2736 703 2799 Graecia
726 2738 813 2808 vires,

142 2820 206 2891 lbo,
230 2838 289 2901 quo
307 2823 337 2882 ‘si
359 2830 391 2883 tu
413 2841 462 2883 me
484 2830 570 2902 pater
591 2823 637 2881 ire
657 2819 752 2900 jubes.

97 2973 307 2984 ...ι-ψ

167 3057 227 3110 aaa.
245 3053 340 3106 onan
361 3059 405 3106 est
424 3071 458 3106 οι
475 3058 557 3107 rant.
576 3055 600 3118 1,
619 3043 705 3118 1‚l4.
785 3058 844 3108 aaa,
861 3054 958 3107 ultima
975 3070 1071 3107 versus

96 3138 164 3189 pars
184 3127 227 3175 est
244 3122 344 3188 virgil.
363 3124 429 3175 Aen.
448 3123 485 3188 11,
503 3124 562 3175 708.
641 3126 699 3175 331.
717 3126 760 3176 32.
777 3123 891 3175 Alanus.
909 3124 1069 3175 Anticlaud.

95 3191 162 3242 Lib.
181 3191 210 3242 11
229 3189 330 3260 (PM)
349 3190 397 3242 lin.
416 3191 432 3241 8
451 3192 485 3243 ab
504 3191 591 3241 iniret
614 3191 731 3257 finisque
754 3191 832 3243 beati
850 3191 950 3243 Gratia
967 3192 1071 3257 princi-
1155 3234 1160 3242 .

95 3259 152 3324 piis
171 3272 280 3322 semper
298 3258 448 3324 respondet
464 3258 598 3311 honestis.
669 3261 726 3314 333.
744 3258 883 3326 Pamphil.
900 3258 989 3321 XVII,
1009 3261 1025 3309 'l

195 3324 379 3391 Principium
397 3325 534 3392 finemque
553 3326 636 3379 simul
653 3327 833 3392 providentia
851 3330 969 3394 spectat.

97 3393 158 3443 334.
180 3391 315 3456 Anonym.
338 3393 436 3445 etevat.
461 3411 487 3459 p.
506 3395 564 3446 501.
584 3393 633 3445 lin.
653 3397 677 3447 2.
759 3397 817 3446 339.
834 3407 932 3444 manus
954 3392 1071 3458 antiqua

95 3459 128 3509 in
145 3460 269 3524 margine
288 3476 338 3525 per
355 3460 520 3525 ‚,citabnnt“
540 3461 669 3527 explieat.
738 3486 740 3490 ·
