2509 3917
423 196 485 245 uso.
502 196 550 247 1v.
574 213 600 251 v.
619 198 764 249 ere-cor.
1016 198 1074 261 121

154 345 244 408 Solus
267 345 395 407 terribili
418 346 570 427 squalidus
593 367 645 409 ore
668 349 796 411 Charon.

111 428 183 507 Ajax
207 430 305 491 nudus
328 438 408 499 erat;
433 449 509 510 qnae
531 438 561 491 te
583 451 670 493 mens
693 435 805 512 optime
826 435 912 496 miles

152 512 335 574 llloricatum
359 533 443 575 saeva
466 514 523 576 sub
546 533 629 578 arma
652 516 736 576 tulit?
1028 527 1080 577 580

113 597 156 657 Te
178 598 352 659 meminisse
376 597 477 666 velim:
500 599 592 660 telum
615 601 740 661 mortale
763 603 896 662 cucurrit
983 596 987 609 '

154 680 235 743 Colla
258 700 315 760 per
337 681 449 743 incauti
470 683 548 762 qnod
571 683 736 744 Palamedis
758 684 834 745 heri.

111 762 196 825 Felix
219 782 308 844 quem
329 764 444 826 iaciunt
467 765 563 827 aliena
586 766 720 846 pericula
743 775 861 829 cautum

154 848 192 908 itt
215 851 264 909 cui
286 847 336 910 dat
359 849 486 910 nitidum
508 848 607 911 littera
629 853 715 930 nigro
737 849 856 913 librum.

112 930 174 991 Nos
197 931 293 993 aliena
315 932 432 1002 docent,
457 930 528 993 ielis
552 936 723 1015 quicunque
746 934 848 997 dolore
1029 945 1079 995 685

153 1015 284 1076 Alterius
306 1015 412 1077 didicit
433 1034 522 1095 posse
545 1036 650 1078 cavere
672 1036 767 1079 snum.

110 1099 183 1179 Ajex
206 1099 366 1161 horrendis
389 1108 522 1162 versatur
544 1103 698 1163 inermis
690 1120 721 1162 ru
743 1103 848 1173 armis;

153 1184 191 1244 Et
213 1183 288 1244 indit
310 1183 389 1246 illins
411 1183 468 1246 lata
492 1188 585 1262 sagita
608 1184 696 1266 latus,

113 1265 237 1328 Scilicet
258 1287 274 1328 o
296 1267 416 1338 Paride,
440 1271 492 1347 qui
513 1275 599 1331 tenso
618 1270 755 1348 gnaviter
778 1287 849 1330 arcu

154 1351 188 1411 lu
214 1351 342 1412 Graecas
365 1353 478 1413 animes
501 1351 613 1431 spicula
637 1352 723 1433 plura
747 1351 843 1413 dabat.
1029 1363 1080 1412 otto

110 1433 182 1512 Ajax
204 1436 307 1499 matus
335 1435 465 1498 Calcaria
491 1437 540 1496 dat
562 1436 677 1496 dolor
668 1453 723 1504 ue,

154 1517 214 1588 Qui
237 1527 356 1579 sectans
378 1518 515 1580 Paridem
540 1521 637 1581 caedit
659 1518 695 1579 ad
718 1535 813 1595 usque
836 1535 950 1580 nocem.

113 1601 211 1663 Caede
233 1603 374 1680 fatigatur
396 1603 492 1672 miles,
515 1621 583 1663 cum
607 1608 704 1664 castra
727 1604 858 1680 petisset,

153 1685 191 1745 Et
213 1685 304 1746 telum
326 1685 413 1747 lateri
435 1685 653 1756 detraheretur,
676 1685 748 1747 obit.

115 1768 230 1848 Corpus
252 1768 412 1830 Alexandri
433 1776 554 1848 portant
576 1772 607 1830 in
632 1772 750 1832 moenia
773 1769 891 1840 Teucri,
1028 1778 1078 1830 695

152 1851 252 1930 Ejulat
274 1851 347 1913 urbs
368 1860 431 1914 tota
453 1855 560 1914 iuuere
583 1860 696 1914 moesta
718 1854 784 1915 viri.

112 1934 178 2008 llos
202 1937 264 1995 ruit
284 1938 316 1996 in
338 1935 484 2015 Phrygios
506 1936 676 2008 Diomedes,
700 1955 773 2016 qnos
795 1935 920 2015 fugitivo

155 2019 194 2079 Se
218 2018 291 2080 lacit
313 2023 345 2080 in
368 2027 484 2097 portam
507 2022 705 2099 praecipitare
727 2021 813 2100 pede.

113 2101 254 2163 Protinus
276 2106 444 2181 insequitur
466 2108 669 2181 Agamemnon
692 2113 722 2164 et
744 2103 861 2165 obsidet
883 2102 988 2164 urbem

155 2185 298 2247 Poneudo
321 2186 427 2264 vigiles
450 2195 479 2247 ct
501 2188 643 2248 variando
665 2189 754 2248 vices.
1029 2195 1083 2244 600

114 2267 169 2329 Per
192 2278 285 2331 totam
309 2278 427 2332 noctem
451 2270 638 2332 circumdant
659 2269 732 2331 llinn
754 2271 835 2348 Argi,

155 2353 234 2414 illuri
256 2372 317 2414 non
340 2373 417 2415 unus
441 2355 548 2415 clamat
570 2354 608 2415 ab
631 2372 700 2416 erce
723 2354 801 2431 vigil.

113 2503 316 2514 ——.--..--

180 2588 241 2639 678.
279 2601 294 2636 e
321 2586 447 2650 margine
475 2601 524 2650 pro
551 2585 703 2650 spualidus.
720 2611 752 2620 -
772 2584 870 2649 Margo
894 2583 966 2634 chor.
993 2590 1083 2636 nauto

113 2659 287 2703 mortuorum.
375 2655 433 2704 583.
455 2653 547 2702 Plant.
564 2654 648 2702 Merc.
666 2652 715 2713 IV,
732 2653 757 2709 4,
776 2653 819 2702 to.
846 2651 978 2701 Feliciter
996 2652 1079 2716 sopit,

114 2720 161 2782 qni
178 2719 270 2771 alieno
289 2719 413 2784 periculo
434 2720 515 2784 sapit.
542 2720 603 2770 Ter.
623 2719 724 2768 Heaut.
747 2718 773 2781 Ι,
792 2720 816 2780 2,
835 2720 880 2768 35:
909 2717 961 2769 hnc
979 2720 1079 2768 scitum

114 2790 161 2848 est,
180 2785 334 2850 pericnlum
352 2802 386 2836 ex
404 2784 467 2836 aliis
486 2786 579 2836 facere
598 2786 651 2835 tibi
669 2784 741 2849 qnod
760 2800 794 2834 ex
811 2798 863 2835 usu
881 2785 944 2837 siet.

147 2870 250 2921 Noster
277 2885 312 2920 ex
337 2869 382 2919 his
404 2869 475 2920 locis
498 2868 618 2924 fortasse
637 2868 801 2918 sententiam
825 2868 985 2933 depromsit,
1012 2880 1082 2931 qnae

213 2936 352 3002 proverbii
370 2937 432 2987 loco
450 2935 479 2984 in
498 2950 545 2984 ore
563 2949 636 2984 nnuc
654 2940 706 2984 est.

114 3018 171 3070 565
189 3021 213 3074 6
232 3019 336 3071 Tibull.
354 3019 405 3081 III,
423 3021 448 3083 6,
467 3018 510 3069 43
528 3019 562 3067 44

469 3112 503 3120 -
520 3111 554 3119 —
573 3084 731 3149 quicunqne
750 3083 843 3134 dolore

213 3152 338 3205 Alterius
357 3152 449 3202 disces
466 3165 548 3215 posse
567 3166 662 3201 carere
681 3156 737 3200 tuo.

23 3296 27 3311 k
112 3234 144 3283 In
162 3236 213 3287 hoe
225 3236 336 3287 Tibulle
353 3237 415 3286 loco
433 3233 560 3284 nonnulli
578 3233 654 3284 codd.
673 3235 767 3299 etism,
785 3240 817 3284 ut
834 3237 930 3284 noster
940 3233 1078 3292 Albertns

114 3314 209 3353 cavere
227 3303 335 3368 legunt
405 3304 463 3355 591
482 3296 548 3352 Cod.
568 3300 701 3352 carcaria
755 3303 813 3352 698.
831 3298 898 3350 eon.
917 3297 943 3352 S.
962 3298 982 3347 f.
1000 3311 1079 3361 prac-

112 3368 227 3432 cipitare
245 3370 345 3436 pede
336 3385 366 3419 sn
384 3373 500 3433 portem
