2509 3917
435 165 498 219 mo.
518 166 564 219 rr.
599 182 625 220 v.
646 166 789 221 roo-194.
1038 161 1097 225 rot

123 317 330 385 Thestorides,
354 318 518 386 vincemus,
541 320 592 388 ait,
616 324 748 395 perstate
770 315 903 396 Pelasgi!
1048 325 1097 375 111

170 403 271 480 Longa
294 404 364 464 lieet
386 410 487 463 teneat
508 420 563 462 nos
584 420 679 469 mora,
701 399 790 480 Troja
813 401 907 462 cadet.

125 489 225 549 Nemo
247 487 412 565 frangatur,
436 490 462 548 si
484 485 607 565 Trojani
628 487 745 566 potiora

170 571 208 632 111
230 572 334 633 Graeci
356 578 490 650 pugnent
511 569 656 634 interiore
679 588 778 632 manu.

124 655 172 717 Ne
195 672 350 718 vereamur
373 672 424 716 eos
445 673 573 716 numero
595 655 708 735 majore
731 655 831 733 potiri,

172 741 196 801 Α
218 759 291 802 eane
314 758 374 800 non
396 757 506 818 magno
527 758 616 819 saepe
638 747 757 801 tenetur
780 757 860 818 aper.
1049 747 1098 797 110

126 822 238 886 Ultima
261 825 443 886 Graecorum
466 826 599 885 victoria.
643 823 738 884 Nemo
761 826 867 885 timere

171 908 355 988 Principium
377 908 482 977 debet,
506 907 639 987 pondera
653 908 728 970 linis
749 908 850 970 habet.

276 1055 474 1111 MENELAUS
491 1055 745 1112 VULNERATUR
762 1057 787 1110 A
805 1055 948 1111 ritorto.

125 1164 225 1223 Enses
248 1161 403 1241 arripiunt,
426 1160 635 1241 horrendaque
657 1161 733 1223 bella
756 1160 912 1231 reducunt,

171 1246 315 1307 Protinus
336 1253 369 1307 ut
391 1263 509 1309 menses
531 1249 681 1327 partirere
703 1247 772 1308 duo.

123 1331 232 1392 Primo
253 1347 339 1392 mano
361 1336 469 1410 potens
491 1331 608 1392 Atrides
631 1339 661 1392 et
682 1330 844 1399 Menelaus,
1048 1336 1096 1385 175

173 1413 305 1493 Tydides
327 1423 358 1476 11
379 1417 441 1493 agit
463 1416 578 1493 agmina
602 1415 714 1476 Graeca
737 1414 860 1476 Locrus.

126 1498 196 1560 Non
219 1499 317 1561 tardat
338 1498 465 1578 Trojano
488 1500 602 1568 cohors,
627 1501 759 1578 erumpit
781 1506 811 1559 et
832 1516 902 1560 eone

172 1581 261 1644 Stulti
284 1590 478 1660 concurrunt,
500 1583 591 1644 millia
615 1581 706 1644 multo
728 1581 849 1645 endunt.

128 1667 254 1728 Sauciet
275 1667 324 1729 hio
346 1667 466 1740 Troilus
487 1665 667 1736 Menelaum
691 1686 748 1729 nor
771 1665 964 1728 furibundum

173 1752 226 1813 Vir
249 1753 329 1831 cogit
350 1750 505 1833 populum,
526 1760 621 1814 vertat
646 1760 678 1813 ut
699 1771 751 1813 ora
774 1750 906 1816 domum.
1046 1757 1096 1807 180

124 1897 276 1953 BELLUM
299 1898 373 1964 Quo
392 1898 559 1955 PERACTO
577 1899 653 1954 PAX
670 1899 798 1955 DATUR
814 1898 998 1954 MENSIBUS
1017 1895 1095 1953 SEX.

125 2004 177 2065 lra
200 2013 299 2065 truces
320 2005 491 2067 inimicitias
513 2014 543 2068 11
564 2006 668 2068 lunera
691 2005 802 2067 bellum

172 2086 306 2149 Conoitat
329 2097 362 2149 ut
383 2093 515 2168 primum
538 2090 649 2152 deserit
670 2091 777 2152 umbra
800 2089 905 2150 solum.

127 2169 276 2251 Trojanos
298 2172 417 2235 Troilus
438 2177 595 2245 instaurat,
619 2175 667 2235 oui
691 2176 865 2236 comitatum

151 2260 153 2263 ’
172 2256 300 2318 Praebet
322 2256 498 2334 Alexander,
522 2260 568 2321 his
590 2258 661 2320 tuba
684 2259 794 2336 clangit
817 2261 884 2319 iter.

126 2340 239 2402 Contra
261 2340 455 2420 Grejugenae.
499 2343 618 2404 Troilus
640 2341 770 2404 volutio
793 2339 973 2411 Diomedem,
1046 2347 1095 2397 181

171 2424 319 2487 Strenuus
341 2427 481 2489 insontem
503 2428 641 2488 vulnerat
664 2444 733 2488 ense
756 2427 872 2491 ducem.

124 2509 247 2570 Sauciet
269 2517 298 2570 et
318 2528 430 2589 regem,
454 2530 508 2590 per
531 2530 668 2592 eampum
691 2511 788 2573 fundit
809 2509 944 2580 Achivos,

170 2592 208 2652 Et
229 2602 308 2655 stant
328 2614 388 2656 non
411 2613 468 2657 uua
493 2593 570 2657 bella
594 2604 719 2657 eruenta
743 2595 802 2656 die.

123 2677 161 2738 In
183 2693 282 2755 pugna
305 2680 420 2740 mixtim
443 2698 475 2739 11
498 2679 587 2741 millia
611 2680 702 2743 multa
725 2678 887 2756 trucidant,

170 2759 266 2838 Larga
289 2762 483 2825 cadaveribus
505 2783 573 2825 arva
597 2765 701 2834 deesse
722 2764 814 2825 vides.
1048 2773 1097 2823 100

126 2844 179 2905 Sio
200 2845 264 2905 loca
287 2846 443 2909 funeribus
465 2848 581 2918 desunt,
606 2859 639 2910 ut
661 2848 738 2910 bella
761 2857 900 2927 gerentes

173 2928 291 2990 Videris
314 2930 350 2992 ad
373 2932 510 2993 standum
533 2950 592 2993 non
615 2932 753 2994 habuisse
775 2931 884 2995 looum.

128 3012 317 3075 Graecorum
338 3018 455 3076 ruerint
476 3035 567 3096 quum
588 3017 692 3097 plures
714 3018 811 3078 cernit
826 3017 945 3079 Atrides

170 3097 341 3178 coeptaque
363 3103 506 3193 canonino
529 3119 652 3181 serpere
677 3109 741 3163 voto
764 3101 849 3180 pede,

197 3251 254 3300 165.
272 3251 405 3317 Morginis
423 3251 563 3304 soholion:
582 3251 711 3307 Calchas.
782 3255 839 3304 170.
859 3258 901 3303 111
919 3251 999 3303 Ovid.
1018 3253 1096 3303 Rem.

122 3319 187 3370 422,
275 3319 331 3369 173.
350 3318 460 3382 Margo:
478 3320 576 3386 Pugno
590 3320 691 3373 xvra.
737 3319 881 3370 Menelaus
899 3318 1061 3368 vulneratur
1079 3333 1096 3367 a

121 3383 228 3503 &Illo
294 3386 351 3436 181.
370 3387 471 3439 funera
487 3403 536 3453 pro
556 3388 616 3438 eod.
636 3388 741 3443 funere.
803 3391 860 3439 183.
878 3381 984 3448 Margo.
1002 3398 1097 3448 pugno

214 3468 238 3508 a·
274 3464 276 3473 ,
