2509 3917
186 284 248 349 134
512 287 576 338 nro.
595 288 628 337 v.
659 302 684 337 v.
705 288 831 338 ar-too.

184 439 237 499 His
261 440 395 499 numeris
417 455 450 499 se
473 435 636 499 dissociant
659 440 832 518 sociantque
856 439 994 507 vicissim,

228 522 302 586 Sunt
325 524 356 582 in
380 523 520 593 amicitia,
544 532 615 584 sunt
637 524 758 584 inimica
781 532 892 585 tamen.
948 535 955 546 “

184 607 223 669 Et
245 610 379 684 quamvis
401 610 498 687 spatio
520 607 642 677 distent,
666 613 764 668 tamen
788 609 887 668 omnia
911 609 987 669 bunt
1239 663 1240 684 ,

226 690 374 761 Quattuor
399 710 433 751 ex
456 685 531 762 istis,
555 709 660 753 rursus
681 693 712 751 in
735 694 800 769 ipsa
822 691 941 753 eadunt.
1124 702 1160 751 80
1201 695 1209 708 ’

114 840 119 847 ,
186 777 235 837 Sic
257 776 329 836 licet
350 776 429 852 ignis
450 794 557 855 aquam
580 792 700 853 semper
721 773 899 845 contrarius,
923 776 1033 836 humor

228 858 331 921 Omnis
353 859 508 922 sensibiles
530 878 580 920 res
602 869 687 923 creat
709 866 797 936 atque
820 860 912 920 calor.

186 945 285 1006 Altum
308 943 426 1005 llamma
448 946 532 1024 petit,
556 946 679 1024 propior
701 944 784 1004 locus
806 962 874 1005 aera
897 945 986 1023 cepit,

227 1028 377 1089 sederunt
400 1029 498 1089 medio
522 1036 601 1090 terra
625 1030 797 1109 fretumque
819 1026 891 1089 loco.

186 1113 224 1172 Se
247 1114 381 1190 graviora
405 1112 504 1173 levant
525 1111 686 1173 levioribus
709 1120 738 1174 et
761 1113 871 1173 leviora

101 1261 105 1274 ,
228 1197 350 1258 Pacliica
375 1197 436 1276 lyra
459 1215 512 1277 per
534 1196 671 1275 graviora
693 1205 825 1275 gravant.

184 1278 286 1341 Tellus
308 1284 432 1342 rarescit
456 1285 487 1343 in
510 1284 603 1360 aquis,
627 1299 702 1360 aqua
725 1282 759 1342 flt
781 1282 854 1341 levis
878 1298 939 1349 aer,

226 1370 285 1426 Aer
306 1382 398 1445 purus
421 1376 495 1439 erat,
518 1367 624 1445 purior
646 1365 723 1442 ignis
746 1368 813 1426 erit.

185 1449 297 1512 Ordine
319 1467 463 1511 converso
485 1450 566 1511 redit
586 1449 664 1527 ignis
686 1452 717 1509 in
740 1467 809 1510 aera
833 1449 969 1515 densum.

228 1534 337 1595 Hicin
361 1550 463 1612 aquas,
486 1552 606 1595 rursum
631 1542 710 1594 terra
733 1540 854 1594 creatur
876 1551 975 1614 aqua..
1120 1543 1156 1592 00

185 1618 226 1678 Ex
251 1616 318 1678 aliis
341 1618 414 1680 alias
438 1626 560 1698 reparat
582 1626 689 1679 natura
711 1620 821 1696 figuras
849 1651 853 1656 -

231 1701 342 1763 Cuncta
366 1719 466 1773 novas,
490 1704 607 1781 species
629 1720 686 1763 neo
708 1720 760 1763 sna
784 1703 892 1781 cuique
914 1712 1025 1771 manet,
1063 1751 1066 1754 s

183 1784 245 1846 Nec
267 1788 346 1865 perit
367 1788 397 1846 in
420 1794 484 1848 toto
507 1787 679 1867 quidquam,
703 1787 778 1846 mihi
801 1787 924 1856 credite,
947 1787 1076 1855 mundo;

227 1869 285 1929 Sed
310 1869 414 1930 faciem
438 1872 531 1931 variat
554 1879 584 1932 et
606 1879 694 1931 novat
715 1888 782 1932 esse
804 1889 901 1932 suum.

185 1951 281 2024 Quicum
304 1954 337 2016 lit
359 1971 407 2014 ros
430 1953 520 2021 aliod.
544 1974 634 2035 qnam
657 1954 736 2034 quod
759 1955 814 2015 luit
836 1962 915 2025 ante,
939 1962 1063 2016 iocatur
1120 1964 1154 2012 05
1239 1947 1240 2018 i

227 2037 325 2108 Nasci,
351 2038 401 2099 sed
426 2038 544 2118 quando
566 2040 678 2100 desinit
700 2057 775 2109 esse,
799 2039 884 2100 mori.

184 2121 277 2183 'lotus
299 2122 348 2184 hic
371 2141 387 2182 a
410 2125 527 2184 numeri
549 2125 668 2184 ratione
689 2124 836 2200 retexitur
857 2123 944 2191 ordo,

227 2207 282 2267 Hie
303 2207 396 2267 veluti
419 2206 544 2285 pulchre
567 2205 693 2286 pulchra
715 2213 812 2286 tapeta
835 2207 953 2269 docent.

396 2384 398 2389 ’
412 2369 646 2442 [DESCRIPTIO
665 2369 919 2439 Aetnensium]

183 2477 293 2538 Libera
316 2495 348 2537 se
374 2476 469 2537 studia
493 2482 661 2535 monstrant
682 2474 873 2553 septemplice
896 2493 979 2544 cura,

205 2562 321 2621 -lntrat
344 2560 476 2621 Donatus
498 2559 748 2638 subsequiturque
765 2558 863 2628 Plato,
1102 2569 1154 2616 100
1239 2613 1240 2638 ,

184 2644 308 2714 libetur,
332 2645 545 2713 arithmeticus,
568 2652 730 2721 geometer,
755 2646 895 2712 musicus,
919 2642 1009 2709 Atlas,

228 2727 292 2798 Quo
317 2735 417 2788 manet
439 2726 571 2801 allectus,
596 2744 745 2806 quemque
767 2734 902 2788 moratur
924 2745 1009 2806 opus.

186 2810 308 2874 Scilicet
333 2820 377 2873 est
399 2812 524 2890 cupidus
546 2812 711 2873 studiorum
734 2813 860 2891 quisque
884 2829 1019 2887 suorum,

225 2897 341 2956 Ponere
365 2905 507 2958 consueta
530 2902 646 2975 ternpus
668 2898 700 2955 in
722 2904 787 2956 arte
807 2895 897 2973 juvat.

183 2978 235 3041 itis
257 2979 456 3041 subdividitur
478 2979 628 3060 physicus,
651 2981 826 3060 speciesque
847 2979 988 3041 salubres
1104 2990 1158 3038 105

226 3063 280 3124 Hie
302 3072 430 3135 truncat,
452 3063 575 3124 morbos
597 3072 679 3125 sorte
701 3063 748 3124 vel
770 3072 834 3125 arte
856 3064 948 3141 lugat

190 3215 386 3225 ——.-..---

252 3300 294 3350 83.
318 3302 360 3348 84.
389 3297 511 3358 Imitatiq
530 3295 610 3346 Ovid.
629 3297 697 3347 Met.
715 3299 738 3359 Ι,
755 3299 788 3347 26
807 3312 868 3361 sqq.
944 3298 986 3348 86.
1005 3296 1072 3348 Cod.
1091 3297 1160 3348 lire.
1239 3325 1240 3328 =

185 3366 243 3414 101.
255 3363 320 3414 (lod.
333 3364 514 3413 arismeticus
533 3363 613 3411 Atlas
632 3377 680 3425 pro
699 3364 882 3413 astronomico
900 3364 1017 3428 positus.
1053 3367 1113 3415 103.
1133 3369 1161 3414 4.

185 3428 237 3481 Or.
255 3430 335 3478 Pont.
354 3431 377 3490 Ι,
396 3431 421 3490 5,
440 3430 481 3480 us.
498 3429 539 3481 36.

288 3494 405 3544 Scilicet
423 3498 465 3544 est
484 3492 598 3557 cupidus
617 3492 769 3542 studiorum
788 3496 905 3557 quisque
924 3511 1034 3546 suorum

323 3560 444 3624 Tempus
463 3562 491 3607 et
509 3558 626 3607 adsueta
644 3572 745 3620 ponere
763 3560 792 3606 in
811 3565 871 3609 crte
886 3558 978 3623 juvet.
