2509 3917
421 185 484 235 nro.
503 184 554 236 111.
590 200 616 235 v.
637 186 778 235 rso-eac.
1044 184 1084 247 77

113 337 257 398 Curanda
279 337 345 397 tieri
366 332 511 414 quaedam
534 335 647 414 majora
670 335 804 397 videmus
1035 348 1083 398 195

156 420 299 490 Vulnera,
322 439 397 500 quae
420 419 529 480 meiius
551 437 611 479 non
634 421 769 498 tetigisse
790 422 856 481 fuit.

110 504 194 566 Sunt
215 506 304 565 etiam
326 523 417 566 nares
439 500 633 584 reparandae.
678 504 782 565 Nonne
804 505 919 575 ridetis

158 590 286 668 Semper
309 608 360 651 eas
381 591 471 649 rastis
493 587 573 667 quod
595 590 691 666 quatit
711 587 811 650 Eurus
833 590 935 670 aquis?

111 671 154 732 Et
177 676 237 734 cito
259 673 397 734 deficient
419 672 569 739 alimento,
593 671 723 741 cibaria;
746 673 832 733 multi

158 758 318 837 Temporis
340 758 476 818 assiduus
499 755 589 817 debet
610 755 723 817 habere
744 756 839 817 labor.
1033 769 1085 819 200

111 841 168 901 Est
190 843 279 902 etiam
301 843 435 903 modicus
457 841 618 911 exercitus,
642 848 672 900 et
693 841 762 917 quia
785 839 896 904 beiium

158 926 248 987 Forte
270 925 321 986 diu
342 924 441 993 stabit,
466 923 561 1005 major
583 924 739 986 habendus
762 926 828 986 erit.

111 1009 184 1071 Non
205 1018 348 1093 poterunt
369 1012 425 1070 ista
448 1010 514 1070 fleri
535 1009 592 1069 nisi
615 1015 715 1071 mente
736 1027 841 1071 serena

159 1094 198 1154 Et
219 1093 297 1155 bene
319 1111 435 1172 secura,
457 1111 514 1155 nec
536 1093 593 1153 nisi
615 1110 690 1172 pace
712 1091 789 1157 data.

112 1178 198 1253 Ergo
219 1179 408 1255 requiramus
430 1195 543 1258 paoem,
566 1195 729 1257 pacemque
752 1181 917 1247 triennem;
1033 1188 1084 1239 auo

162 1262 295 1342 Tempus
318 1271 349 1324 ut
371 1261 523 1323 obtineant
544 1272 766 1340 prememorata
789 1270 895 1324 ratum.

113 1344 197 1405 Dixit
219 1357 248 1407 et
270 1346 306 1407 ad
329 1347 479 1408 Priamum
502 1346 660 1407 confestim
684 1346 773 1407 mittit
794 1347 910 1408 Ulixem

159 1430 234 1491 Cum
258 1431 400 1492 Diomede
422 1429 504 1507 ioqui
526 1429 616 1491 rerba
638 1432 740 1508 priora
763 1431 828 1492 sibi.

179 1593 315 1648 NUNTII
332 1594 605 1651 AGAMEMNONIS
622 1593 792 1651 VENIUNT
810 1594 850 1649 IN
868 1593 1019 1652 TROIAM.

115 1699 186 1759 Nox
208 1707 274 1760 erat
296 1708 327 1761 et
349 1699 469 1781 Trojam
492 1699 644 1763 latitanter
666 1702 769 1762 nuntia
791 1700 910 1769 vadunt,

160 1785 199 1843 tt
219 1801 283 1852 sua,
306 1785 384 1845 iorto
406 1787 472 1863 quis
493 1785 540 1846 his
563 1785 670 1855 obviat,
694 1802 775 1845 arma
798 1785 906 1845 ierunt.
1034 1794 1085 1843 aio

115 1867 212 1927 immo
235 1866 330 1929 Dolon
353 1871 485 1931 occurrit
507 1872 550 1931 eis
573 1888 590 1930 e
611 1869 741 1931 Troibus
763 1877 853 1937 unus:

160 1951 292 2022 Quaerit,
316 1971 375 2031 quo
397 1954 495 2017 medio
518 1962 653 2033 tempore
675 1955 770 2014 noctis
793 1962 871 2023 eant,

116 2034 157 2095 Et
178 2037 222 2096 sic
244 2038 365 2105 armati;
390 2047 536 2100 nocturna
559 2040 687 2117 negotia,
711 2038 792 2105 dicit,

163 2123 313 2200 Armaque
333 2120 401 2201 J‘ure
423 2132 524 2183 uotam
546 2123 725 2203 suspicionis
747 2121 866 2183 habent

117 2201 262 2264 Vadimus
284 2204 320 2264 ad
343 2205 504 2275 Priamum,
527 2206 721 2287 respondent,
743 2222 836 2286 pauca
860 2205 985 2275 referre,
1035 2213 1085 2262 215

163 2288 246 2359 Quae
269 2305 323 2365 per
344 2308 399 2349 nos
421 2288 552 2371 ioquitur
573 2309 627 2351 rex
649 2290 851 2368 Agamemnon
875 2289 912 2348 ei.

113 2369 265 2451 Trojanos
287 2371 366 2452 quod
389 2374 564 2453 prodiderit,
587 2376 734 2435 mentitur
755 2373 913 2442 Homerus,

161 2455 248 2525 Quod
271 2459 456 2519 sitistorum
478 2459 614 2539 perditus
636 2475 707 2525 ense
730 2456 840 2527 Dolon;

120 2535 210 2609 Dicit,
234 2540 304 2602 dum
326 2543 424 2603 iuerat
445 2542 572 2604 scrutari
594 2543 708 2603 missus
725 2541 851 2602 Achivos

162 2624 264 2687 Donec
285 2627 449 2695 transierit,
472 2627 625 2688 delituisse
648 2627 732 2687 duos.
1034 2633 1086 2682 ato

16 2700 17 2717 ¹
115 2698 229 2787 Captus
250 2708 288 2769 ab
311 2710 357 2770 uis
378 2709 493 2772 Troum
515 2713 622 2772 recitat
644 2716 759 2771 secreta
783 2708 901 2770 duobus

164 2792 322 2854 insinuans
343 2811 397 2874 per
420 2795 497 2874 quod
522 2790 752 2873 ingrederentur
773 2795 839 2854 iter.

118 2876 248 2937 Maxima
269 2874 456 2957 Troja‘mihi
477 2898 601 2942 currum
618 2879 760 2957 promisit
780 2877 914 2947 Achillis,

162 2960 279 3030 Intulit,
303 2961 457 3039 Argolicae
478 2965 504 3024 si
525 2971 705 3044 caperentur
726 2980 809 3041 opes.

17 3158 18 3179 t
187 3129 245 3178 195.
257 3129 285 3179 6.
298 3128 349 3178 Or.
363 3129 443 3180 Pont.
455 3131 493 3194 11,
507 3133 532 3193 i,
544 3133 586 3182 26.
599 3132 641 3181 26.
676 3131 735 3181 205.
748 3131 837 3195 Marg.
850 3130 998 3180 triennem.
1016 3128 1086 3179 Msc.

18 3202 19 3261 ξ
117 3194 261 3250 trientem.
312 3197 371 3247 214.
389 3198 478 3262 Merg.
496 3202 600 3248 notam.
618 3188 808 3253 Memnonem.
860 3197 1088 3251 sternentibus.

18 3278 19 3303 t
117 3261 266 3314 Homerus.
289 3264 392 3314 Noster
410 3265 627 3329 Epitomstorem
643 3264 696 3316 hoc
714 3265 826 3315 nomine
844 3263 993 3330 signifieat,
1013 3263 1087 3328 epod

118 3342 204 3394 quom
222 3329 294 3381 haec
312 3345 340 3381 v.
358 3333 409 3383 idi
426 3347 487 3397 sqq.
504 3337 662 3386 nemine,
730 3334 790 3383 223.
808 3331 928 3396 Epitom,
945 3331 1003 3381 720.
1021 3331 1062 3379 et.

241 3397 364 3449 Maxima
381 3397 465 3462 Trojo
482 3399 551 3450 mihi
568 3415 677 3450 currum
695 3399 819 3464 promisit
836 3397 953 3449 Achillis

272 3464 302 3515 Si
320 3472 431 3518 vestros
450 3468 574 3532 cepisset
592 3481 671 3532 opes.
