2509 3917
194 231 252 295 54¹
510 231 573 286 uro.
591 232 630 283 11.
665 248 690 284 v.
708 233 851 283 ree-mo.

198 387 351 446 Ennomus
372 391 402 445 et
424 384 557 463 Phorcys
580 391 610 444 et
631 383 830 463 Epistrophus
851 393 883 446 et
905 385 1074 465 Polvoestis

238 469 370 549 thious
392 474 423 527 et
442 467 551 539 Pelias,
576 486 705 548 cumque
727 468 863 530 Thoante
886 469 995 539 himas,

195 552 329 634 Ripheus
350 550 512 631 thipaois
534 559 565 612 et
585 551 760 614 Alastreuus
773 555 891 622 dusius,
914 553 1010 614 audax

240 637 439 705 Aschrauder,
463 637 599 704 Cormus,
623 636 762 698 Memnon
785 646 814 697 et
836 637 1041 699 Archilochus.
1117 645 1170 695 445

196 722 344 784 Deberem
367 738 527 800 procerum
549 723 576 781 si
598 722 719 781 nomina
742 730 850 782 cuncta
872 722 987 781 relerre

238 806 317 866 liora
340 807 419 865 foret
440 806 570 883 spatium
593 822 654 865 non
677 805 814 868 habitura
836 805 936 867 hrevc.

196 889 248 951 lsti
272 890 390 950 diversa
412 908 444 950 se
467 888 504 949 de
525 890 650 966 regione
672 888 803 952 levantes

238 974 353 1034 intrant
374 973 411 1033 ad
433 972 584 1033 Priamum
607 971 686 1034 helia
705 972 810 1052 juvare
831 972 990 1053 Phrygum.

194 1057 318 1137 'l'rojaui
339 1063 409 1118 sunt
431 1075 467 1116 ex
489 1057 553 1118 istis
574 1054 710 1137 plerique
731 1057 863 1128 Quirites
1116 1066 1169 1116 450

238 1141 353 1203 Cedere
376 1148 480 1218 treuga
501 1140 581 1201 leves
603 1141 713 1203 dedere
736 1149 842 1219 treuga
863 1159 977 1220 graves.

360 1285 720 1342 Punuufflnnshnusr
738 1287 815 1344 CUM
826 1285 997 1343 Narseus,

199 1391 360 1455 Consilium
382 1401 490 1455 tractat
511 1393 610 1453 adhuc
632 1393 837 1471 Agamemnon
858 1404 889 1455 et
910 1396 989 1455 iuter

241 1477 339 1556 Regni
360 1485 514 1557 magnates
536 1475 641 1539 bellica
664 1479 739 1540 lacta
763 1477 862 1539 librat.

200 1562 318 1623 loterea
340 1564 464 1623 veniens
485 1561 658 1623 Palamedes
680 1561 821 1641 Nauplica
844 1561 945 1640 proles

239 1646 300 1706 Ter
323 1644 407 1706 deuis
428 1645 542 1709 ratibus
565 1664 646 1708 arma
670 1645 813 1727 cibosque
835 1647 925 1709 vehit
1114 1654 1169 1704 455

197 1728 263 1790 Nou
285 1729 363 1788 valui
386 1730 501 1790 venisse
523 1731 617 1808 ndns,
641 1729 772 1792 conabar
794 1730 923 1793 Athenas

241 1812 390 1880 Tendere,
413 1831 473 1873 uon
497 1822 642 1891 poteram.
665 1813 750 1896 lehre
772 1815 902 1884 vetahar,
926 1817 977 1876 ait.

197 1896 282 1957 Nunc
304 1897 437 1974 quamvis
459 1897 568 1968 lentus,
592 1896 687 1960 laetus
709 1907 808 1959 tamen
831 1899 970 1969 advehor,
992 1915 1115 1959 omnem

240 1979 335 2050 Quam
358 1980 432 2040 mihi
454 1980 599 2052 dixeritis,
623 1982 811 2044 exhibiturus
833 2001 929 2063 opem.

195 2058 280 2124 lliuc'
293 2070 402 2141 grates,
425 2067 626 2142 Agamemnon
650 2070 714 2136 ait„
724 2076 884 2148 nostroque
905 2063 963 2129 suh
985 2067 1063 2127 inira
1112 2073 1171 2123 460

238 2147 286 2208 Sis
309 2147 346 2208 de
367 2148 505 2209 consilio:
528 2152 628 2226 paruit
650 2147 700 2211 ille
723 2154 793 2212 viro.

222 2292 442 2350 PALAMEDES
460 2295 666 2350 DISSUADET
683 2295 830 2352 ADITUM
847 2297 982 2352 TROIAE
1000 2294 1137 2352 NOCTE.

199 2399 264 2461 Nox
286 2410 351 2461 erat
372 2411 402 2461 et
423 2410 486 2463 toto
508 2401 664 2481 fulgebant
685 2402 781 2463 sidera
804 2403 888 2463 coelo

222 2483 344 2545 'Sibilat
367 2494 484 2565 optatus
506 2487 614 2566 puppis
636 2488 666 2545 iu
689 2504 758 2546 aree
782 2505 882 2547 sonus.
1036 2560 1040 2565 ‚

197 2568 321 2629 Consilii
343 2588 472 2648 coepere
494 2570 568 2630 lihra
592 2573 749 2640 trutinare,
774 2571 904 2633 velintne
955 2602 958 2607 >

238 2651 332 2712 Nocte
355 2654 452 2714 solum
474 2653 581 2732 Trojae
604 2663 738 2733 tangere,
762 2657 823 2716 sive
846 2654 904 2715 die.
1112 2663 1170 2713 465

198 2734 328 2796 Diversis
350 2735 465 2797 diversa
486 2738 612 2816 placent,
637 2737 689 2800 sed
712 2741 819 2819 opinor
840 2739 980 2801 honestas

197 2888 400 2897 *-

262 2973 322 3021 442.
352 2972 490 3021 Eunomus
517 2978 546 3022 et
572 2972 696 3038 Phorcys
721 2990 736 3024 e
761 2974 867 3025 Durate
894 2990 943 3040 pro
965 2974 1106 3039 Ephomus
1134 2980 1169 3025 et

195 3037 327 3102 Phorcys.
361 3039 479 3089 Nomine
502 3054 647 3104 procerum
668 3041 737 3091 mire
761 3041 891 3091 mutilata
913 3045 991 3103 sunt,
1019 3038 1167 3104 nonnulle,

195 3119 266 3168 qnae
285 3120 372 3170 neque
390 3105 461 3171 opud
473 3102 605 3157 Deretem
623 3122 713 3172 neque
731 3108 804 3172 apud
815 3109 919 3172 Dictyn
932 3110 982 3159 snb
1000 3108 1056 3158 hec
1074 3108 1168 3158 forma.

194 3172 382 3236 inveniuntur,
400 3173 513 3223 Pindari
531 3173 657 3223 Thebani
674 3179 751 3238 sunt,
772 3176 847 3226 sient
862 3177 953 3239 Asius,
970 3191 1051 3241 quem
1069 3181 1171 3225 noster

194 3240 297 3288 Ausius
326 3239 455 3305 appellnt
492 3239 577 3306 (Epio.
600 3243 769 3304 777-781).
863 3244 922 3298 451.
951 3242 1017 3293 Ood.
1047 3257 1167 3308 guaves.

193 3308 251 3362 456.
271 3306 337 3357 Cod.
354 3323 425 3358 nem.
443 3307 567 3358 Athenis.
617 3310 676 3364 462.
702 3311 821 3375 Epitom.
842 3310 924 3362 Iliad.
947 3312 1036 3373 Hom,
1059 3326 1085 3365 v.
1106 3311 1169 3361 110.

194 3375 253 3427 466.
272 3374 560 3441 Maximinu.eleg.1,
580 3378 637 3428 103.
1034 3403 1039 3408 ·

261 3442 395 3493 Diversos
414 3442 523 3494 diverse
538 3441 653 3506 juvent:
671 3459 727 3494 non
746 3447 870 3496 omnihus
888 3447 968 3497 anuis

297 3509 396 3560 Omnia
416 3512 598 3566 conveniunt:
618 3526 664 3562 res
681 3516 758 3577 prius
776 3517 850 3577 epla,
870 3517 961 3564 nocet.
