2509 3917
408 215 470 267 nio.
489 212 522 268 v.
553 234 579 269 v.
597 220 741 271 coo-reo.
1002 221 1064 287 145
1137 207 1140 212 ’

116 360 203 432 ¹Huc
225 366 369 446 obversus
392 377 421 429 et
443 371 502 432 huc
524 373 567 432 ire
590 392 644 454 per
667 391 719 433 ore
742 374 835 444 dolet;
1011 385 1064 436 400

88 451 284 535 splendescit
307 472 429 533 campus
452 459 544 518 ermis
566 456 755 530 sublimibus,
779 458 837 522 olto

137 540 298 601 Hustarum
322 556 445 600 nemore
467 542 585 603 ferreus
607 541 712 603 horret
733 561 813 622 ager.

208 686 344 755 [FUROR
361 688 643 756 PENTHESILEAE
658 690 707 772 ET
724 691 950 764 AMAZONUM]

88 792 327 874 Quadrupedem
352 796 478 858 validum
502 798 612 858 ferrata
636 797 717 859 coice
740 798 842 878 fatiget

137 878 228 941 Vecta
250 899 305 958 per
327 880 449 942 hostiles
470 881 657 943 Penthesilea
680 883 798 944 choros.

92 966 233 1048 Denique
257 965 389 1026 consueti
412 984 472 1027 non
496 972 542 1027 est
563 965 652 1028 oblite
677 968 797 1044 tenoris,
1012 977 1063 1029 405
1141 1006 1144 1010 -

138 1048 276 1110 Denudut
298 1050 438 1127 gladium,
463 1051 552 1112 caede
575 1051 689 1113 coloret
711 1071 832 1132 agrum:

88 1133 149 1195 Cui
173 1132 245 1194 levis
265 1151 280 1193 e
303 1134 385 1196 laevo
409 1135 557 1215 dependet
578 1154 680 1216 parma
703 1137 825 1206 lacerto,

140 1220 164 1279 Α
186 1226 271 1295 tergo
295 1216 416 1281 decoret
438 1238 545 1282 aureus
568 1238 656 1282 arcus
678 1221 790 1283 herem.

93 1301 182 1363 Nunc
203 1302 332 1365 validam
355 1302 457 1366 dextre
481 1308 559 1385 repit
579 1305 728 1367 indefesse
751 1304 921 1384 bipennem,
1104 1377 1108 1385 .

137 1388 225 1449 Nunc
248 1390 338 1450 mittit
359 1388 441 1449 laeva
463 1390 576 1469 spicula
599 1387 691 1451 muita
715 1408 814 1461 manu,
1012 1400 1063 1451 410

93 1470 180 1540 Quae
202 1480 301 1535 temen
323 1473 482 1543 interdurn,
506 1478 532 1534 si
555 1473 622 1535 tetis
645 1475 728 1555 pulsa
752 1473 906 1543 recedunt,

137 1560 217 1618 Arcu
240 1574 383 1619 converso
405 1576 474 1618 mox
497 1557 632 1619 revolare
654 1560 738 1626 iacit3

94 1644 133 1705 Et
155 1650 228 1721 quot
249 1645 339 1703 misse
362 1660 451 1703 rnenu
474 1643 618 1714 contorsit
640 1643 756 1724 spicula
780 1645 873 1720 virgo,
929 1666 932 1670 ¹

139 1726 183 1787 Ad
208 1736 317 1788 terrem
338 1725 410 1805 jacti
433 1735 476 1788 tot
498 1728 636 1788 cecidere
659 1729 724 1789 viri.
814 1746 816 1750 ’

93 1814 209 1892 Aspera
232 1828 331 1890 pugna
354 1811 445 1872 trehit
467 1813 527 1884 aito
550 1830 582 1872 se
604 1813 676 1882 soie,
701 1814 795 1872 virum
818 1814 863 1873 vir
1013 1822 1064 1872 415

138 1896 261 1976 Impetit
283 1899 390 1959 etvini
414 1899 457 1958 vis
480 1898 586 1958 cedere
609 1899 701 1959 coede
725 1898 804 1957 iacit.

94 1982 157 2043 Nec
181 1989 295 2042 tantum
318 1977 373 2043 suit
395 1984 427 2041 iu
449 1984 506 2042 isto
528 1984 573 2042 vir
595 1983 698 2062 virque
721 1981 831 2057 duello,

139 2066 297 2145 Impetitur
320 2069 389 2145 quie
411 2069 457 2126 vir
478 2069 602 2144 virgine,
626 2070 711 2143 virgo
734 2068 805 2125 viro.

94 2150 226 2219 Pessive,
249 2168 311 2210 nou
326 2150 453 2212 lascive:
479 2169 539 2210 non
560 2150 639 2210 sicut
662 2158 795 2210 eruentes

139 2234 189 2304 Se,
212 2234 263 2294 sed
286 2242 319 2294 ut
342 2243 474 2296 eruentes
497 2252 693 2314 composuere
715 2243 826 2295 truces.
1012 2244 1065 2295 420

94 2318 194 2379 Ocrea
217 2320 326 2379 terrete
349 2323 440 2380 micet
460 2319 518 2388 hic,
541 2335 601 2380 nou
624 2316 726 2379 oscuie
750 2318 886 2387 miscent,

138 2401 206 2463 Non
227 2403 333 2464 thorus
355 2404 407 2465 sed
429 2405 545 2472 thorax,
568 2421 628 2463 non
649 2420 759 2482 procus
781 2405 873 2463 immo
894 2420 1019 2481 procax:

94 2486 287 2558 ProcubituS,
311 2506 370 2549 uon
394 2487 568 2549 concubitus
590 2489 736 2548 satientur
757 2504 867 2557 amore,

139 2572 191 2632 Vir
210 2570 347 2650 jugulare
370 2579 454 2635 suant
477 2592 545 2652 non
560 2570 669 2632 violare
692 2572 801 2632 studet.

94 2657 207 2716 Ferrea
229 2658 347 2718 ferretis
370 2659 577 2735 constringunt
599 2655 673 2716 colla
696 2654 824 2723 incertis,
1013 2666 1066 2716 425

139 2741 257 2801 Clamor
279 2744 312 2802 in
334 2743 480 2822 amplexu,
504 2740 605 2802 nuilus
626 2742 756 2802 hebetur
778 2759 877 2809 ernon

94 2824 161 2885 Non
185 2826 234 2887 isti
255 2827 385 2903 capitum
408 2826 478 2888 dant
501 2826 600 2887 oscula
623 2826 676 2886 sed
699 2824 883 2906 cepuiorum,

138 2908 226 2970 Basia
249 2910 320 2971 dent
343 2909 473 2972 dolabris
493 2911 590 2991 jurgia
612 2910 710 2971 dendo
733 2909 839 2979 labris:

94 2993 163 3055 Non
184 2991 314 3072 jungunt
335 3004 459 3065 mentes,
482 3003 618 3074 pungunt
640 2995 689 3056 hic
712 2993 810 3055 osculo
836 2995 951 3064 dentes,

137 3077 204 3138 Non
228 3097 298 3140 reor
320 3082 395 3142 haec
416 3100 485 3142 vere
508 3081 559 3143 sed
583 3080 677 3159 magis
700 3097 765 3139 esse
787 3081 863 3140 iere.
1012 3089 1066 3139 430

52 3207 59 3221 ἱ
94 3209 303 3224 d*—

20 3319 21 3326 ,
164 3282 222 3331 404.
250 3298 357 3347 margo:
385 3282 482 3334 chorus
505 3298 558 3333 uon
585 3282 707 3347 pertinet
729 3280 764 3330 ad
787 3285 896 3331 centum
920 3280 999 3332 modo
1018 3279 1067 3331 sed

20 3375 22 3414 ψ
92 3347 180 3398 etiem
199 3348 234 3398 ed
249 3349 362 3400 ¹bellum.
452 3352 510 3400 407.
528 3351 603 3415 Virg.
621 3350 690 3400 Aen.
709 3348 826 3407 tineos

20 3459 22 3464 .
198 3443 232 3452 -
249 3449 283 3458 -
300 3421 327 3466 et
344 3418 424 3469 laevo
443 3417 576 3482 dependet
595 3433 689 3482 parma
708 3416 828 3479 lacerto.¹

91 3484 155 3534 411.
175 3483 235 3533 cod.
253 3484 369 3536 recedit.

147 3579 242 3625 Troilus.
881 3567 912 3615 10
