2509 3917
414 185 483 240 mu·
495 188 517 239 1.
554 204 580 244 v.
598 190 742 240 eas-464.
1018 185 1063 252 25

88 341 209 403 Moenia
230 357 291 401 non
314 342 408 402 tacuit
429 342 579 420 irrumpta
601 342 742 420 virosque
764 348 924 421 peremtos,
957 385 960 390 «
1009 349 1061 400 435

131 424 171 486 Et
194 425 346 495 reddatur,
370 425 418 494 ait,
443 432 528 505 rapta
551 423 649 505 puella
671 425 753 485 mihi.

90 507 218 572 Obrivat
239 508 379 589 precibus
402 527 500 578 aures,
524 510 715 589 retinentque
736 528 871 571 sororem

132 593 238 655 Cetera
262 612 330 655 cum
352 592 487 654 iacerent
507 593 563 655 hac
585 593 729 655 redeunte
751 594 858 656 locum.

89 677 184 739 lmmo
207 680 391 739 remiserunt
411 676 601 748 inhonorum,
625 687 749 756 propter
771 679 893 741 honoris

132 758 193 833 Qui
215 763 273 823 tuit
295 770 325 822 et
344 763 428 841 pacis
448 763 556 823 nuncia
578 763 686 823 missus
710 763 762 824 eis.

90 845 204 925 Turpia
227 865 302 925 quae
324 847 426 909 tulerit
449 846 579 908 convicia
601 847 703 907 dicere
725 847 803 921 nolo,

131 929 170 990 Et
192 930 271 1011 quod
296 930 332 991 de
354 930 470 992 loribus
491 928 572 991 hunc
594 929 735 1009 repulere
757 933 827 993 suis.

20 1031 21 1034 ’
89 1013 184 1085 Dicas,
205 1014 360 1076 ‘Antenori
383 1022 434 1076 tua
456 1015 515 1076 fine
537 1016 655 1093 negotia
677 1015 757 1095 quali

20 1095 21 1100 ’
131 1098 291 1170 clauseris,
314 1107 348 1160 ut
369 1106 485 1160 constet
507 1098 648 1160 omnibus
669 1101 727 1161 iste
749 1099 843 1161 stilus.

88 1182 198 1261 Incipit
220 1185 353 1245 Antenor
372 1182 519 1260 quaedam
543 1183 681 1253 recitare,
705 1202 760 1264 per
781 1183 831 1245 illa

131 1267 195 1329 lam
219 1266 332 1329 dudum
356 1267 474 1329 inerant
494 1284 570 1348 quae
593 1267 652 1328 sibi
673 1269 749 1329 iacta
772 1270 848 1330 loca.

88 1350 195 1413 Indicit
218 1352 366 1432 Hesyuem
388 1352 467 1432 quod
490 1350 604 1413 nollent
625 1352 763 1421 reddere,
786 1352 906 1414 demum

130 1436 164 1497 ln
186 1434 321 1497 medium
342 1438 466 1497 veniunt
486 1434 606 1516 probra,
631 1435 757 1517 repulsa,
781 1439 887 1499 minae.

90 1519 218 1600 Subjicit
238 1518 395 1591 hortando,
420 1528 452 1582 ut
474 1538 517 1580 se.
530 1520 652 1582 robusta
675 1522 809 1582 iuventas

131 1603 269 1666 Vindicet
291 1613 321 1665 et
343 1604 473 1667 Graecos
494 1604 585 1684 Troja
609 1622 753 1666 mucrone
776 1604 881 1665 domus

201 1766 374 1824 PANTHUS
391 1766 597 1822 ulssuuunr
614 1766 766 1822 RAP'I'UM
783 1767 939 1824 HELENE.

20 1915 22 1942 ,
90 1870 225 1934 Panthus
247 1875 296 1934 cui
318 1875 434 1951 genitor
455 1872 647 1952 Euphorbius
669 1874 787 1950 agmine
809 1874 887 1937 lacto

129 1957 163 2019 ln
185 1956 290 2019 medio
313 1960 413 2036 coepit
434 1958 562 2035 agminis
583 1959 639 2018 ista
661 1956 752 2037 loqui.

92 2039 140 2104 Sic
162 2044 288 2103 memini
311 2042 422 2103 dixisse
444 2048 568 2119 patrem,
592 2060 660 2101 nam
683 2041 811 2121 piurima
834 2046 916 2106 novit

21 2193 23 2212 γ
130 2125 267 2205 lienique
290 2126 439 2206 praedixit
460 2143 550 2205 saepe
572 2126 670 2187 lutura
693 2128 776 2188 mibi.

21 2217 23 2228 ’
92 2210 167 2272 Utile
190 2209 350 2272 consilium
374 2229 433 2271 non
456 2211 589 2280 aestimo,
613 2213 640 2271 si
663 2210 819 2272 mulierem

132 2294 317 2356 Graecorum
341 2293 430 2355 ducat
452 2313 468 2354 e
491 2296 614 2371 regione
636 2294 732 2355 Paris.

93 2377 123 2438 Si
143 2397 194 2440 res
219 2379 326 2440 ellectu
349 2377 513 2448 claudetur,
536 2376 625 2456 'lroja
649 2378 768 2457 peribit,

134 2463 230 2534 Quam
252 2463 342 2523 modo
363 2473 444 2523 terra
468 2470 562 2537 tenet,
585 2479 696 2542 pascua
718 2462 816 2523 bubus
839 2465 904 2524 erit.

93 2545 155 2608 Otia
177 2549 289 2608 sectari
310 2546 468 2626 pulchrum
491 2548 586 2624 magis
608 2547 731 2608 aestimo
753 2546 840 2617 liber,

133 2629 230 2700 Quam
252 2648 284 2691 se
307 2633 428 2692 servitio
449 2637 529 2691 mota
552 2648 607 2710 per
629 2648 711 2693 arma
733 2631 832 2693 darer.
1006 2643 1060 2693 roo

95 2712 196 2775 'lutius
221 2723 267 2775 est
288 2716 415 2776 iacuisse
440 2714 535 2789 thoro,
559 2717 692 2776 tenuisse
714 2716 855 2778 choream

132 2798 282 2861 Treiciam
306 2795 409 2878 digitis
429 2800 615 2875 increpuisse
638 2797 741 2878 lyram,

93 2879 184 2952 Quam
206 2882 346 2945 manibus
369 2884 483 2963 clipeos
506 2890 535 2944 et
556 2892 661 2944 acume
682 2885 817 2961 cuspidis
838 2886 952 2947 hastam

23 2963 25 2984 '
133 2967 170 3027 Et
191 2966 306 3045 galeam
329 2985 433 3046 pressa
456 2967 631 3028 sustinuisse
653 2986 747 3029 corna.

156 3135 215 3185 437.
245 3133 355 3186 obrivat
383 3151 417 3185 ex
443 3136 567 3202 margine
589 3152 639 3201 pro
664 3134 783 3186 codicis:
811 3137 928 3187 obbtrat.
998 3139 1058 3189 438.

93 3195 177 3266 Marg.
194 3197 248 3253 hac
265 3202 398 3253 redeunte
416 3201 506 3253 locum
526 3218 581 3254 non
598 3202 708 3257 bellum.
726 3218 776 3269 pro
789 3203 840 3271 hac
852 3203 990 3255 redeunde
1003 3204 1057 3255 loc.

93 3266 148 3318 441.
169 3283 185 3318 e
203 3270 326 3335 margine
345 3286 393 3335 pro
413 3268 547 3333 conjuria.
616 3271 677 3321 449.
695 3270 763 3323 Meo.
776 3271 918 3323 Hortando
935 3270 1059 3336 subjicit.

93 3334 147 3387 ibt.
164 3335 345 3401 Euphorbus,
365 3352 443 3403 quem
462 3343 557 3390 noster
572 3338 749 3403 Euphorbius
766 3339 890 3389 nominat
908 3354 962 3391 nou
978 3341 1060 3403 pater

95 3400 140 3449 aad
156 3398 229 3455 filius
248 3401 349 3454 Panthi
372 3405 434 3455 fuit.
502 3406 561 3457 460.
581 3421 595 3455 a
614 3405 740 3470 margine
758 3422 807 3473 pro
825 3407 858 3461 ai.
927 3406 1058 3456 461-64.

95 3464 186 3519 Ovidii
202 3469 295 3522 herod.
313 3471 365 3537 III,
385 3474 518 3523 lli-120
536 3471 699 3538 deprompti,
