2509 3917
405 217 469 267 nan.
488 217 534 269 ιν.
559 233 586 271 v.
605 220 747 270 aec-an.
998 217 1059 280 113

85 437 95 443 ⁴
134 367 290 439 Vulnerat,
313 369 456 430 Aeacides
479 360 599 431 saucius
620 369 691 430 indo
713 377 802 431 meat.

89 454 266 532 Insequitur
288 453 426 513 Memnon
449 471 516 512 cnm
539 452 678 522 Troibus,
701 456 758 514 iste
779 454 899 523 iesIstit,

135 537 175 596 Et
196 554 335 615 pugnam,
359 540 492 616 quamvis
515 539 633 598 saucius
656 547 743 607 esset,
766 538 835 606 init;

90 620 154 682 Sed
178 620 358 681 custodierat
377 624 463 699 prius
486 620 533 680 ille
556 620 696 698 ligamine
717 619 832 690 vulnus,

136 703 183 764 Ne
201 712 321 783 pareret
342 704 457 783 lapsum
479 706 633 781 sanguinis
654 705 733 765 nuda
755 705 876 784 pedum.
939 702 942 707 ⁴
1010 714 1082 791 350θ

90 788 164 848 Non
185 786 253 849 tulit
275 789 416 849 Aeacides
438 787 580 849 insultum
602 789 768 861 Memnonis
790 807 889 851 acrem

60 942 65 947 ⁴
138 872 289 951 Impetum
311 880 341 932 et
362 872 452 933 multa
475 872 566 933 caede
589 871 700 933 rubere
721 873 800 933 lacit.

91 955 159 1015 Nec
183 957 280 1016 tenuit
301 954 432 1033 gladium
454 954 579 1024 Pelides,
602 954 698 1018 donee
719 957 755 1019 ad
779 974 880 1018 amnes

137 1036 225 1099 lllum
248 1039 379 1100 deterret
400 1037 522 1100 vulnere
544 1040 628 1118 plaga
652 1040 767 1119 Stygos.

89 1123 163 1183 Non
185 1139 287 1200 regem
312 1121 396 1183 miles
418 1125 539 1201 impune
562 1125 732 1202 perimerat,
755 1126 852 1205 ipsum
1010 1133 1060 1183 355

137 1206 269 1283 Contigit
291 1224 307 1266 a
330 1204 407 1267 bello
430 1205 550 1267 vulnera
572 1207 651 1269 lerre
674 1208 743 1269 duo.
921 1220 923 1223 ’
1003 1222 1005 1226 ’

88 1290 201 1351 Occiso
224 1307 295 1368 rege
316 1289 476 1351 Persarum
499 1290 621 1352 brachia
643 1297 764 1371 torpent

136 1373 260 1443 Troum,
284 1374 449 1452 procedunt
471 1376 592 1452 segnius
615 1393 684 1436 arva
707 1374 826 1437 ducum.

87 1458 162 1518 lam
185 1456 321 1533 titubant,
341 1457 401 1535 jam
425 1464 507 1535 terga
530 1457 639 1519 dabant
661 1456 790 1542 palantia
812 1458 929 1527 Teucri,

136 1541 305 1602 Memnonis
327 1549 356 1602 et
377 1542 468 1604 Troili
491 1560 573 1602 mors
595 1543 675 1603 venit
697 1560 796 1620 ungue
819 1544 907 1603 truci.
1009 1550 1060 1600 360

92 1625 243 1702 Pergama
265 1627 443 1704 praecipites
465 1624 603 1696 subeunt,
627 1634 658 1686 et
679 1628 796 1687 moenia
819 1623 968 1696 claudunt,

136 1708 239 1785 Pugna
262 1709 332 1770 lacit
352 1713 443 1772 linem
466 1717 554 1770 noete
575 1711 697 1787 lugante
720 1711 809 1772 diem.

259 1853 343 1924 [PAX
362 1854 504 1908 DECIMA
522 1854 703 1914 TRIGINTA
720 1855 905 1926 DIERUMJ·

86 1959 160 2020 Rex
182 1958 379 2037 Trojanorum
402 1961 529 2037 spatium
553 1961 673 2036 triginta
698 1961 815 2022 dierum

103 2100 112 2110 ,,
136 2042 272 2103 Postulat
294 2062 311 2102 a
334 2044 447 2104 Graeco
468 2046 551 2122 pacis
572 2040 684 2104 habere
705 2052 825 2105 statum.

87 2128 210 2189 Annuit
232 2137 262 2186 et
283 2126 418 2188 Troilum
440 2146 506 2188 cum
529 2129 686 2188 Memnone
708 2128 797 2189 Troia
821 2137 958 2190 venustos
1006 2137 1056 2186 365

138 2209 270 2272 Collocat
293 2213 325 2271 iu
348 2210 485 2280 tumulos,
507 2211 606 2271 flendo
628 2219 729 2273 secuta
753 2215 842 2271 viros.

85 2293 218 2357 Hecuba
240 2312 297 2373 pro
319 2294 421 2355 Troilo
443 2293 564 2369 deducit
585 2305 615 2357 et
636 2296 765 2356 Hectore
787 2293 948 2373 planctum,

137 2377 245 2455 Irrigat
268 2380 414 2455 ingenuas
435 2379 557 2440 lacrima
579 2386 691 2439 moesta
715 2397 815 2455 genas.

85 2460 247 2524 Pulmonis
268 2461 380 2538 rigidas
403 2463 662 2541 agitant-suspiria
684 2462 782 2531 cellas,

136 2545 238 2606 elficit
259 2547 383 2605 interior
406 2546 487 2607 arida
510 2545 602 2607 corda
624 2546 717 2608 dolor.
1012 2556 1065 2605 370

84 2628 219 2691 Frendit
240 2630 271 2689 in
292 2629 448 2691 aeacidem
471 2629 582 2692 calcata
604 2631 720 2691 saevius
741 2629 834 2710 hydra

137 2713 202 2772 lliri
224 2715 359 2774 rancorIs
382 2722 481 2774 mente
505 2732 617 2774 venena
640 2731 759 2789 gerens.

85 2798 132 2859 Et
156 2797 277 2875 quievi
300 2815 442 2874 superare
465 2801 562 2858 virum
586 2797 723 2867 diflidere
745 2801 807 2860 visa

136 2880 200 2950 Est,
225 2880 335 2941 cacabo
358 2881 458 2943 cordis
481 2882 619 2959 decoquit
641 2882 690 2942 illa
713 2882 821 2944 dolum.

16 3202 20 3209 ,
164 3149 223 3198 346.
257 3148 368 3214 Margo:
404 3148 526 3199 Achilles
553 3166 570 3199 a
596 3149 740 3211 Memnona
761 3147 929 3199 vulneratur.
999 3152 1058 3202 353.

81 3216 205 3281 Margo:
227 3215 358 3266 Memnon
377 3216 512 3267 occiditur
534 3217 569 3267 ab
587 3216 705 3268 Achille.
773 3216 831 3270 363.
858 3216 967 3280 Margo:
998 3218 1058 3266 Pax

81 3283 126 3335 X.
149 3282 269 3346 triginta
281 3283 386 3334 dierum
405 3287 434 3333 et
449 3284 519 3334 haec
537 3289 597 3334 erat
614 3300 670 3350 pax
688 3281 785 3334 ultima
797 3287 825 3332 et
836 3284 877 3333 lta
889 3276 1058 3349 interpolata

80 3354 167 3402 inter
185 3364 232 3400 eos
251 3351 342 3401 fuerat
360 3367 415 3416 pax
433 3351 493 3401 VII.
513 3352 592 3401 anuis
612 3357 640 3401 et
658 3351 753 3402 decem
771 3351 919 3401 mensibus.

162 3415 193 3479 *J
218 3419 418 3484 Inscriptiones
441 3419 622 3483 capitulorum
646 3417 800 3487 suppletae·
814 3432 899 3480 usque
922 3415 957 3465 ad
974 3415 1057 3467 finem

85 3487 174 3539 libri.

143 3574 242 3616 Troilus.
844 3567 859 3615 8
