2509 3917
394 197 455 247 Lib.
473 197 506 247 V.
536 213 563 248 v.
584 200 727 249 tut-138.

70 347 211 412 lllorihus
234 348 384 416 humores,
407 365 508 408 mores
529 346 708 410 humoribus
730 352 790 429 apti

117 432 235 493 ludicio
258 431 371 511 physici
395 431 597 493 discutiuntur
618 433 677 493 ibi:

73 517 186 580 Pulsus
209 526 239 577 et
261 521 357 577 urina.
390 516 522 575 Primum
546 534 618 593 ergo
640 516 743 577 dociva
766 519 900 598 requirit,

117 601 196 673 Ouid
218 608 324 661 natura
347 598 415 660 mall
438 602 557 677 cogitet,
583 600 632 660 llla
655 601 726 662 duo.
994 613 1043 661 110

73 686 121 748 td
145 688 221 746 lines
243 685 371 747 transire
393 684 468 745 duos
490 686 635 762 sapientia
658 686 755 746 lertur

120 771 161 831 Ut
182 770 222 829 sit
243 767 333 830 homo
356 785 446 829 sanus
467 785 604 860 corpore,
626 776 727 829 mente
749 769 840 831 scius.
947 839 952 846 ‚

75 855 154 915 Hinc
177 851 323 931 estquod
347 852 467 932 physica
490 852 527 911 de
549 863 663 931 septem
686 870 745 913 uon
769 855 826 915 erit
848 871 915 922 una,

121 938 182 999 Sed
204 935 402 998 subdividitur
423 935 494 997 hinc
515 937 607 1014 rigor,
631 936 699 997 inde
722 935 814 999 valor.

74 1024 116 1084 Se
139 1022 272 1082 rotatio
295 1020 395 1082 medio
417 1019 553 1081 fortunae
574 1019 653 1091 luna,
676 1024 829 1098 recrescit,

121 1106 274 1167 haerescit
295 1106 393 1166 varias
415 1103 610 1166 orbiculando
633 1107 723 1169 vices,

74 1192 193 1268 Regnat
214 1187 390 1257 Alexander,
413 1188 521 1250 ilarius
542 1189 685 1266 regnarit,
707 1191 738 1249 in
761 1190 821 1251 imo

118 1274 273 1335 Baithasar
295 1280 341 1334 est
362 1275 484 1352 positus,
507 1275 603 1351 surgit
625 1272 662 1333 ad
684 1282 762 1334 astra
786 1274 886 1351 Cyrus.

76 1356 250 1437 Philosophi
272 1358 425 1418 calcantur
447 1358 498 1426 lbi,
521 1358 654 1419 calcatur
678 1357 825 1426 honestas,

119 1442 271 1503 Virtutum
292 1441 392 1502 rideas
413 1448 555 1520 quattuor
576 1443 620 1500 ire
642 1443 713 1501 vias.

76 1527 210 1589 Solvitur
231 1528 262 1587 in
285 1528 389 1594 risum,
411 1533 510 1587 tamen
534 1526 668 1585 insinuat
690 1524 754 1585 sine
775 1525 840 1586 risu

111 1614 218 1676 Seria,
242 1609 321 1687 quod
344 1627 439 1690 prope
462 1627 494 1668 sc
517 1609 599 1686 virgo
621 1615 722 1687 tapete
744 1607 831 1668 ridet.

76 1695 147 1756 Sola
171 1702 229 1755 stat
252 1698 282 1755 iu
305 1702 407 1754 monte
428 1693 579 1770 carpendo
600 1694 694 1752 vireta
717 1689 829 1770 capella

120 1780 162 1840 Ex
185 1780 337 1856 inproviso
359 1776 534 1857 prosiliente
556 1776 638 1855 lupo,

77 1864 123 1925 'lu
147 1875 207 1942 quo
228 1861 295 1941 jure
317 1880 392 1931 mea,
416 1861 505 1941 lupus
527 1862 632 1941 inquit,
654 1878 761 1940 pascua
785 1859 920 1921 mordes?

119 1948 216 2010 Crede
238 1946 320 2016 milri,
344 1948 403 2008 leci
426 1948 541 2006 nescia:
566 1963 654 2024 capra
677 1946 780 2006 refert.

79 2035 114 2093 tt
138 2032 227 2111 lupus
249 2033 397 2091 intonuit:
421 2030 529 2091 reddes
551 2029 684 2090 convivia
705 2029 797 2109 pelle;

121 2115 208 2178 Unde
227 2114 306 2178 levat
326 2114 401 2175 tales
423 2114 496 2175 haec
518 2112 713 2175 tremebunda
734 2129 854 2192 preces:

77 2201 274 2262 Praesentem
299 2207 424 2260 mortem
448 2198 547 2259 missis
568 2197 700 2257 concede
722 2196 849 2265 duabus,

119 2284 184 2345 Una
206 2284 272 2351 tihi,
296 2282 430 2343 domine!
453 2284 549 2360 prosit
572 2290 601 2341 et
624 2298 682 2340 una
705 2280 788 2341 mihi.

78 2368 147 2438 Fac,
170 2370 222 2429 ait.
252 2366 304 2426 llla
327 2367 407 2428 canit
429 2365 522 2427 altum
543 2365 683 2443 diapente
706 2367 874 2442 caprizans;

119 2452 211 2514 tuoto
232 2450 332 2531 opilio,
355 2448 523 2528 prosiluere
544 2466 642 2511 canes.

77 2536 131 2598 Cui
155 2535 245 2615 lupus
267 2535 435 2612 auliugieus
459 2540 577 2612 poteras
598 2531 715 2611 legisse,
739 2531 883 2600 canebam

120 2621 187 2682 Non
210 2619 283 2680 mihi
304 2619 356 2680 sed
380 2626 484 2679 cantus
505 2618 616 2696 proluit
638 2614 688 2676 ille
710 2615 773 2677 tihi.

78 2704 150 2765 Plus
172 2705 223 2765 alii
247 2721 301 2783 pro
323 2711 354 2763 te
375 2719 463 2782 quam
487 2710 519 2762 tu
541 2700 596 2762 tibi
620 2702 743 2761 credere
767 2700 837 2765 noli.

121 2788 179 2859 Qui
200 2786 258 2849 tibi
281 2787 428 2854 dormitat,
452 2787 507 2846 scit
530 2786 653 2863 vigilare
676 2785 743 2845 sihi.

79 2872 170 2943 hlimi,
195 2870 365 2939 mendaces,
388 2869 564 2938 balatrones,
588 2870 645 2930 hoc
667 2885 760 2946 genus
783 2886 871 2930 omne

120 2956 243 3019 Ludunt
265 2957 297 3015 in
320 2953 398 3021 talis,
421 2953 564 3032 amphora
588 2955 685 3015 cincta
709 2953 812 3030 ciphis.

147 3208 206 3261 117.
224 3205 335 3272 Margo:
364 3207 403 3256 Hi
430 3210 569 3271 ponuntur
594 3219 650 3255 non
674 3205 740 3268 quia
762 3210 831 3255 ante·
850 3209 975 3271 tempora
993 3207 1045 3257 illa

80 3273 200 3336 suerint,
230 3273 279 3323 sed
306 3274 372 3337 quia
400 3273 498 3338 gannit
528 3271 736 3322 similitudinem
754 3273 868 3323 aliorum
892 3277 921 3323 et
937 3272 1045 3329 talium,

81 3342 137 3392 186.
155 3345 244 3392 Auen.
262 3340 365 3400 Nereh.
378 3357 404 3407 p.
423 3342 473 3391 611
491 3340 539 3390 lin.
560 3340 601 3389 11.
671 3342 730 3391 137.
749 3339 860 3390 Horatii
878 3354 957 3395 serm.
975 3341 999 3404 1,
1018 3344 1043 3402 2,

80 3410 104 3471 3,
122 3408 171 3459 ubi
188 3413 283 3458 tamem
301 3408 407 3462 mimae.
478 3408 534 3460 138.
561 3406 677 3460 Sensus:
696 3405 724 3455 hi
743 3406 849 3469 ludunt,
870 3408 978 3457 interea
997 3407 1047 3457 ed-

81 3480 209 3540 portatur
227 3474 362 3540 amphora
386 3474 498 3540 scyphis
521 3473 621 3524 cineta.
