2509 3917
431 202 491 257 uro.
508 202 531 253 1.
567 219 592 256 v.
612 205 755 256 err-403.
992 265 995 274 ,
1035 204 1078 268 23

151 383 299 468 Quinam
317 381 496 450 SUADENT,
515 382 661 448 QUIDAM
678 384 757 439 NON
774 384 862 439 ITER
879 384 1033 441 PARIDIS.
1128 393 1132 400 '

103 489 281 570 Deiphobus
304 487 419 568 pridem
441 488 655 550 commendans
676 491 787 569 inquit:
810 489 846 551 ad
868 492 922 551 ista

152 575 298 636 Effectum
322 573 419 633 Paridi
442 571 565 634 consulo
588 579 653 633 vola
677 573 753 634 dari.

105 661 176 741 lpse
199 659 237 719 sit
258 660 290 717 in
313 675 399 719 eausa
424 657 578 729 vexillifer,
602 660 668 736 ipse
691 659 831 737 magister

152 744 277 812 Causae,
301 742 371 803 dent
392 760 523 826 operam,
547 760 621 819 quos
644 752 739 810 vorat,
762 741 840 803 hane
856 750 998 824 elopem.
1025 752 1077 803 380

108 828 177 888 Non
201 826 299 905 plaeet
321 825 394 887 haee
416 825 530 886 Heleno
553 829 718 888 sententia:
742 845 791 887 res
812 846 847 888 ea
870 846 970 889 seeum

71 911 77 919 “
154 911 188 972 Si
210 918 381 989 peragatur,
406 913 456 977 ait,
479 912 607 972 maxima
630 912 738 972 damna
760 910 859 972 trahit.

105 995 144 1055 Si
165 993 250 1056 Paris
272 1014 308 1055 ex
331 995 453 1056 Graecis
474 1013 598 1057 uxorem
622 995 740 1057 duxerit
763 997 833 1065 oris,

152 1077 309 1152 Epoidium
332 1079 439 1140 Troiae
463 1080 551 1141 duret
573 1089 604 1141 et
623 1098 712 1142 omne
734 1081 855 1142 malum.

107 1163 226 1225 Graeca
249 1181 353 1225 manus
376 1171 436 1224 tota
459 1171 527 1225 ruet
548 1166 580 1225 in
602 1164 771 1244 Phrygiam,
795 1166 852 1226 nisi
873 1165 951 1227 tritis
1028 1176 1079 1227 386

155 1246 300 1309 Omnibus
322 1249 356 1308 ad
380 1257 477 1309 terras
498 1248 659 1310 irreditura
682 1267 763 1311 suas.

107 1334 149 1391 At
171 1330 291 1392 Troilus
313 1339 381 1392 natu
405 1333 559 1402 minimum
583 1351 643 1394 non
665 1332 778 1394 viribus
800 1335 930 1411 impar„

154 1415 253 1476 Mente
275 1432 331 1476 nee
351 1417 475 1478 inferior
498 1417 626 1478 Hectore
649 1419 728 1480 latur
749 1419 805 1478 ita:

109 1500 207 1562 Detur
229 1500 396 1561 Alexandro
417 1500 490 1567 laus,
515 1501 603 1562 detur
626 1500 789 1580 Deiphobo,
812 1504 864 1580 qui

154 1583 274 1645 Laudes
296 1586 415 1662 ingenio
437 1603 632 1664 promeruere
655 1603 719 1649 sno.
1029 1595 1081 1645 390

113 1670 199 1731 Unus
222 1669 258 1729 ad
280 1668 337 1730 boo
359 1668 469 1730 bellum
492 1688 524 1731 se
547 1669 682 1749 praebet,
705 1676 735 1730 et
757 1668 903 1749 approbat
925 1668 1010 1740 alter,

156 1751 224 1813 Non
246 1761 328 1813 earet
351 1753 459 1815 ellectu
482 1754 561 1834 quod
582 1753 706 1816 voluere
728 1753 797 1816 duo.

110 1837 179 1912 Non
203 1836 292 1898 debet
312 1856 362 1899 res
383 1841 414 1899 in
437 1838 542 1900 Heleni
564 1838 730 1901 subsistere
751 1838 854 1908 verbo,

15 1979 16 1996 ,
155 1920 301 1991 Deterret,
325 1940 414 2000 saepe
436 1930 535 1983 terror
557 1922 671 1985 bonore
695 1930 785 1984 caret.

16 2007 17 2010 ’
112 2005 283 2082 Degeneres
305 2008 457 2083 trepidant
478 2007 569 2068 animi
591 2006 751 2086 pejoraque
775 2015 902 2077 versant,
927 2063 934 2070 ,
1030 2016 1081 2066 395

156 2089 212 2150 bat
234 2107 317 2151 mare
339 2108 428 2171 saepe
450 2099 555 2159 metus,
579 2091 658 2152 nulla
682 2090 794 2171 periola
817 2099 926 2153 tamen.

113 2173 281 2251 Desperare
304 2182 399 2244 noret,
424 2174 545 2237 dubium
569 2175 687 2238 dimitte
710 2178 862 2237 timorem:

158 2257 252 2337 Saepe
275 2258 345 2320 lacit
367 2261 458 2320 metui
481 2277 541 2320 non
563 2261 721 2321 metuenda
743 2269 848 2321 metus.

115 2341 154 2402 Ut
175 2341 267 2404 verbo
290 2350 370 2404 stent
391 2344 482 2405 multa
504 2343 597 2414 brevi,
621 2347 713 2405 timor
735 2345 801 2422 ipse
824 2343 970 2404 malorum

158 2426 254 2506 Saepe
276 2444 475 2506 supervacuos
497 2430 576 2506 cogit
598 2427 710 2488 habere
734 2436 839 2488 metus.
1027 2435 1081 2485 400

113 2511 332 2588 Aggrediamur
354 2531 439 2591 opus,
464 2511 537 2573 nibil
560 2511 788 2591 impenetrabile
810 2513 895 2579 lorti;

158 2593 311 2656 Audentes
332 2596 459 2675 legimus
482 2598 559 2676 quod
584 2600 665 2657 iurat
686 2598 750 2674 ipse
773 2596 854 2656 deus.

114 2676 264 2740 Classibus
286 2687 320 2740 ut
341 2681 428 2742 laetis
451 2682 587 2760 pulsetur
609 2682 742 2748 Graecia,
767 2681 872 2741 manda

182 2881 241 2931 330.
261 2880 337 2934 dont.
406 2882 464 2934 384.
483 2898 497 2931 e
515 2864 640 2947 margine
659 2895 708 2946 pro
726 2880 852 2945 „trone“.
921 2883 980 2933 392.
1000 2880 1082 2931 ovid.

17 2985 19 3012 r
114 2946 205 3002 Amor.
222 2948 262 3012 11,
278 2951 303 3012 3,
324 2950 363 2999 10.
414 2951 474 3004 396.
486 2949 589 2999 Lucan.
608 2947 707 2999 Phora.
725 2947 772 3007 IV,
792 2949 825 2998 00
843 2953 896 3012 est,
913 2964 947 2998 ex
966 2964 1019 3013 qno
1036 2965 1083 3014 po·

115 3015 231 3065 suimus:
245 3019 336 3081 „trop
346 3014 439 3066 anim“
450 3032 499 3082 pro
509 3031 553 3067 an.
563 3020 633 3081 trep.
679 3016 738 3067 390.
747 3014 918 3081 Pamphilus.
931 3015 1006 3080 XLI,
1017 3032 1044 3067 v.
1058 3017 1082 3066 6.

108 3082 172 3134 397.
190 3082 234 3132 Ex
250 3083 388 3148 margine,
407 3084 466 3134 eod.
485 3098 620 3149 reparare
640 3084 690 3134 eir.
708 3083 845 3148 Pamphil.
864 3081 977 3146 XXXV,
995 3086 1019 3136 3.

226 3149 375 3216 desperare
393 3155 484 3214 nocet,
502 3156 596 3202 votum
613 3150 693 3202 labor
710 3150 851 3216 improbus
868 3150 972 3216 implet.

114 3216 172 3267 398.
190 3215 280 3267 Anon.
299 3218 397 3269 Nevel.
414 3233 440 3282 p.
458 3219 518 3269 006.
535 3218 584 3268 lin.
603 3220 619 3268 'l
639 3218 674 3268 ab
692 3217 774 3271 infre.
865 3221 923 3269 399.
940 3221 999 3270 400.
1017 3218 1084 3270 Ovi·

111 3281 239 3400 ‹lii2s5unlt
253 3285 384 3401 exffont.
404 3286 442 3347 11,
461 3287 486 3348 7,
505 3287 529 3336 5.
543 3285 569 3339 0.
620 3287 679 3340 401,
697 3285 777 3336 Alan.
794 3285 954 3337 Antielomi.
971 3287 1032 3335 Lib.
1044 3286 1083 3348 11,

113 3365 141 3414 p.
194 3366 269 3405 .1n.
322 3386 328 3400 .

243 3419 444 3485 Aggrediamur
461 3434 544 3485 opus:
564 3419 661 3471 melior
679 3420 793 3471 fortuna
811 3425 952 3485 sequetur.

110 3483 170 3534 402.
187 3484 266 3551 Virg.
286 3488 356 3538 Aen.
376 3490 412 3551 X,
428 3488 489 3541 284.
