2509 3917
182 215 244 279 110
486 216 549 271 Lib,
567 215 616 266 lv.
652 231 678 267 v,
697 217 842 268 aot—286.

180 370 213 429 ln
235 370 331 448 prima
354 367 474 429 Troilus
497 371 559 431 acie
582 376 730 438 versatur,
753 369 878 429 Achivos

221 454 328 514 Acrius
350 453 511 515 obtruncat
532 452 793 533 Myrmidoucsque
815 456 908 528 lugat

178 535 316 598 Palantes
337 537 368 596 in
392 547 490 598 castra
513 539 632 618 premit,
657 536 776 598 obstare
799 536 932 598 volentes

222 619 394 683 Praevalide
416 628 560 701 penetrat,
585 619 707 681 vulnera
730 621 795 682 dira
817 629 909 682 secat.
1103 631 1156 680 260

182 705 218 766 Et
240 703 310 766 licet
332 705 479 767 obstiterit
500 704 700 775 Telamonius,
724 706 755 765 in
777 723 828 765 sua
853 705 963 766 Teucri

223 789 355 850 Victores
377 790 511 857 redeunt,
536 790 667 851 carmina
691 789 767 850 laeta
790 799 910 850 canunt.

379 952 521 1007 ITERUM
538 952 704 1008 REDITUR
720 953 770 1006 AD
789 952 945 1007 BELLUM.

179 1060 232 1119 Vix
257 1064 447 1139 exspectatur
470 1059 520 1119 lux
542 1060 683 1130 crastina,
707 1059 806 1138 prodit
827 1058 946 1120 Atrides

221 1144 295 1205 Cum
317 1143 434 1211 Danais,
458 1142 558 1222 prodit
580 1142 782 1223 Myrmidonea
806 1143 943 1223 phalanx.
1114 1203 1118 1207 .

178 1228 211 1288 ln
234 1226 345 1288 bellum
367 1228 462 1288 Troes
484 1228 643 1306 animoque
667 1245 816 1309 manuque
839 1229 955 1289 leroces
1102 1241 1156 1289 265

220 1310 355 1389 Exagitat
375 1310 504 1381 Troilus,
528 1327 643 1391 parque
666 1312 765 1373 valore
788 1311 881 1372 Paris.

178 1396 217 1457 Sc
240 1402 363 1456 nectunt
383 1398 470 1461 acies,
495 1398 573 1456 ensis
596 1395 738 1457 scintillat
760 1395 797 1456 ab
821 1413 893 1456 ense

222 1479 259 1542 Ut
282 1487 378 1540 tactus
401 1477 525 1558 chalybe
547 1479 678 1558 lulgurat
699 1481 769 1557 igne
791 1480 875 1540 silex.

177 1564 264 1625 Nunc
285 1566 416 1643 primum
439 1571 582 1642 pugnant,
607 1566 692 1643 quasi
715 1564 812 1642 pridie
835 1564 909 1625 litus
931 1565 1056 1634 ararint,

220 1647 258 1707 Et
280 1649 394 1708 luerint
415 1649 534 1726 penitus
556 1646 633 1708 bella
657 1649 757 1728 priora
779 1646 875 1727 jocus.
1100 1661 1156 1711 270

177 1731 216 1793 Se
238 1731 375 1800 caedunt,
399 1731 532 1801 loednnt,
556 1740 761 1810 prosteruunt,
784 1734 897 1794 viscera
920 1732 1061 1805 fundum,

220 1813 356 1874 Partibus
379 1815 523 1877 ambahus
545 1815 639 1877 millia
662 1817 752 1876 multa
776 1817 894 1884 cadunt.

175 1898 247 1960 Fert
269 1897 453 1959 intellectum
476 1900 574 1963 stultis
596 1904 712 1961 vexatio
735 1901 858 1971 nullum,

219 1981 285 2043 Non
308 1982 372 2043 auri
394 1990 519 2044 stratum
543 2003 594 2044 sus
618 1992 706 2054 amat,
730 1986 821 2045 immo
844 1985 951 2048 lutum.

176 2066 302 2144 Semper
323 2066 359 2126 ad
382 2074 519 2127 eventum
542 2067 664 2130 lestinat
685 2076 715 2129 et
736 2071 767 2129 in
790 2069 903 2132 medias
924 2088 974 2131 res
1099 2083 1155 2133 275

218 2149 273 2210 Hic
295 2149 423 2230 populus
446 2154 551 2211 mortis
574 2154 765 2232 anticipando
789 2153 861 2215 dies.

175 2235 228 2295 Vix
252 2243 343 2305 vacat,
368 2241 402 2295 ut
422 2236 531 2296 foveat.
542 2237 680 2297 sudantia
702 2237 836 2298 memhra
860 2240 972 2317 quicte;

218 2319 303 2390 Quod
326 2321 392 2391 sine>
411 2326 510 2397 strage
533 2318 610 2380 volat
631 2328 761 2400 tempus,
784 2323 873 2381 inane
895 2330 988 2401 putat.

175 2404 260 2465 Unde
282 2421 338 2464 nec
361 2422 420 2465 una
443 2404 507 2465 dies
529 2405 565 2464 ad
587 2422 717 2483 pugnam
741 2406 852 2467 sullicit
871 2406 931 2467 illis

216 2487 322 2548 Plures
344 2490 526 2557 continuant,
549 2507 588 2550 ne
610 2490 674 2548 sine
697 2499 793 2550 morte
815 2490 917 2550 lluant.
1100 2503 1158 2553 280

175 2570 283 2632 Plectit
305 2589 356 2631 eos
378 2570 496 2632 Troilus
518 2575 595 2634 sicut
617 2591 762 2653 persaepe
784 2576 946 2636 rotundum

217 2654 322 2714 Saevit
343 2657 471 2732 corrigia
493 2655 604 2734 pellere
627 2660 733 2719 stricta
756 2658 906 2730 trochum;

175 2739 214 2800 Ut
235 2737 329 2798 velter
352 2756 442 2817 super
465 2757 533 2799 arva
556 2740 644 2812 ieras,
667 2744 712 2802 sic
734 2744 778 2802 vir
799 2743 882 2804 ferus
904 2747 985 2823 ipsos

216 2822 418 2901 Myrmidones
440 2825 541 2900 agitat,
565 2826 608 2885 sic
630 2826 885 2907 agitandolugat.

414 2986 488 3040 PAX
505 2987 632 3043 DATUR
649 2987 722 3042 Pau
739 2989 900 3044 MENSEM.

172 3091 292 3153 Atrides
315 3090 385 3151 belli
408 3092 568 3153 discrimen
591 3101 624 3153 ut
646 3096 752 3173 aspicit
774 3096 853 3156 acris
1094 3108 1152 3158 285

216 3176 250 3236 in
272 3192 325 3236 sua
348 3194 523 3237 conversum
547 3184 644 3238 castra
668 3186 773 3240 tenore
795 3182 894 3258 gravi;

174 3294 377 3307 ......-....---

242 3363 300 3415 259.
319 3358 449 3411 Scholion
466 3362 612 3427 marginiss
634 3361 782 3428 fugientes.
840 3366 898 3418 263.
918 3365 1149 3432 Superacriptum

174 3443 223 3492 pro
244 3428 330 3479 codic.
349 3426 482 3480 Achilles.
546 3429 604 3479 267.
624 3445 639 3478 e
657 3434 781 3495 margine
800 3448 862 3498 pro:
882 3434 1012 3485 aintillat.
1081 3435 1151 3491 275.

172 3495 240 3548 Hor.
258 3494 289 3543 A.
307 3495 338 3543 Ρ.
360 3496 416 3549 148.
487 3495 545 3545 285.
564 3496 675 3559 Margo:
694 3512 748 3560 pax
765 3499 805 3548 IX
822 3502 903 3551 unias
922 3503 1033 3553 mensis.
