2509 3917
430 208 493 260 Lib.
510 208 561 260 111.
597 225 622 262 v.
642 211 733 265 1-13.

424 360 535 422 LIBER
559 361 734 423 TERTIUS.

257 472 446 529 INCIPIUNT
464 473 646 529 CAPITULA
664 474 789 529 TBRTII
806 474 912 530 LIBRI.

97 580 231 650 Tertius,
254 599 270 641 a
293 579 414 660 specula
436 579 608 659 speculatur
629 589 772 662 sextaque
794 598 891 660 pugna

98 666 203 744 Surgit
225 682 351 746 eamque
373 681 502 742 sequens
524 664 625 726 decies
647 675 748 726 manet
771 676 836 726 oeto
859 663 974 726 diebus.

97 751 162 811 Pax
183 748 284 811 tribus
306 756 351 811 est
373 749 467 810 annis.
504 747 650 827 Pugnant.
688 748 748 810 Pax
770 767 873 811 mense
896 759 994 811 secuta
1011 759 1065 812 est.

98 833 184 896 Nona
206 833 272 896 dies
292 850 391 914 pugna
415 835 541 896 iteratur
563 851 617 913 per
640 834 803 897 duodenos.

99 918 161 981 Pax
183 936 238 998 per
260 917 409 979 tredenos.
447 912 504 978 llio
525 920 640 979 somnia
663 928 805 979 strenuus
826 918 936 979 Hector
1049 928 1065 976 5

94 1002 233 1083 ‘Despicit
255 1004 366 1072 uxoris,
390 1020 479 1080 quem
502 1004 619 1063 saueius
641 1003 749 1065 oceidit
771 1002 909 1065 Achilles.

99 1087 213 1166 Pugna.
251 1086 331 1149 Iluos
352 1106 471 1148 menses
493 1097 539 1146 est
559 1106 627 1166 pax.
665 1086 712 1149 Fit
732 1106 785 1148 rer
807 1086 990 1150 Palamedes.
1107 1116 1117 1133 x

101 1171 320 1253 Triptolemum
343 1172 449 1233 sternit
470 1171 633 1251 Sarpedon.
677 1172 738 1233 Pax
761 1172 848 1233 datur
870 1191 958 1233 anno.

100 1254 207 1318 Aufert
228 1254 349 1317 Pelidae
371 1272 505 1336 pugnare
528 1256 676 1318 Polirena.
714 1255 858 1336 Pugnant

99 1340 288 1418 [deiphobum
311 1342 433 1420 perimit
455 1337 628 1402 Palamedes
651 1349 681 1400 et
702 1339 785 1400 Paris
806 1344 912 1418 ipsum.
1034 1347 1067 1398 10

340 1508 587 1570 EXPLICIUNT
617 1508 828 1569 CAPITULA.

359 1641 499 1693 INCIPIT
516 1641 629 1692 LIBER
645 1641 809 1695 TERTIUS.

294 1772 442 1829 HELENA
464 1772 610 1828 EMURO
634 1770 877 1828 SPECULATUR.

102 1880 199 1952 Quam
220 1881 309 1939 tImor
331 1879 466 1949 obnubit,
489 1898 550 1941 non
573 1886 619 1939 est
639 1880 756 1940 sincera
779 1877 928 1957 voluptas:

145 1964 205 2025 lies
227 1973 273 2025 est
294 1962 413 2025 solliciti
437 1962 523 2041 plena
545 1965 663 2026 timoris
685 1981 778 2025 amor.

103 2054 126 2111 A
151 2047 271 2128 specula
294 2047 446 2127 speculum
470 2048 627 2127 speculans
650 2047 809 2109 inamabile
832 2046 901 2106 belli
1005 2054 1007 2057 ’

145 2131 247 2193 Turba
269 2131 410 2210 puellaris
433 2141 491 2194 stat
512 2130 699 2210 gemebunda
721 2133 801 2194 satis.
889 2200 897 2207 ,

103 2216 325 2298 operiebantur
346 2224 484 2278 eventum
507 2217 608 2277 llartis
631 2224 661 2278 et
683 2216 720 2277 ad
739 2233 826 2293 quem
1049 2223 1065 2272 5

146 2300 288 2367 Bellonae
309 2302 416 2363 viatrix
438 2302 483 2361 ala
507 2299 606 2362 volare
629 2300 706 2362 velit.

102 2386 159 2448 llio
180 2404 236 2465 pro
258 2384 366 2447 dilecto
388 2387 479 2463 gemit
500 2388 587 2447 anxia
611 2392 746 2464 quaeque
768 2385 883 2450 marito,

147 2470 280 2547 Corpore
300 2471 345 2530 vir
367 2487 506 2549 pugnam,
530 2470 621 2531 corde
643 2467 743 2548 puella
766 2475 858 2547 parat.

104 2553 210 2616 Stabat
233 2561 262 2614 et
283 2551 333 2614 bio
354 2552 468 2616 Helena
490 2555 673 2633 speculando
696 2553 829 2629 duosque
852 2551 975 2612 maritos

145 2639 226 2700 lotus
247 2638 422 2699 horrisonos
444 2637 621 2700 alterutrare
644 2638 730 2699 ridet.
1036 2643 1069 2692 10

103 2722 176 2784 Plus
198 2724 229 2782 in
253 2721 400 2783 adulterio
421 2731 562 2802 tanquam
584 2721 693 2784 lasciva
716 2724 847 2788 latorem

147 2806 242 2878 Quam
265 2807 322 2869 sibi
345 2825 486 2869 concesso
508 2807 639 2868 ierrerat
659 2804 708 2867 illa
732 2806 828 2867 thoro.

103 2891 235 2952 Nitimur
257 2891 288 2951 in
310 2893 432 2952 vetitum
455 2909 574 2972 semper
597 2893 792 2971 cupimusque
815 2898 931 2966 negata,

172 3093 197 3140 6.
234 3093 450 3158 superscriptum
475 3092 575 3144 verbo:
607 3100 697 3147 oeeat.
768 3094 792 3144 i.
829 3093 936 3156 Pugna.
972 3091 1071 3157 Super·

103 3159 239 3225 seriptum
257 3159 337 3225 „fiet

174 3231 198 3277 1.
215 3226 348 3292 Anonym.
366 3227 503 3279 Novellet.
521 3244 546 3293 p.
565 3230 623 3282 495.
641 3228 690 3278 lin.
708 3230 730 3278 9.
752 3229 798 3280 10:

208 3296 295 3358 Quam
312 3297 395 3347 timor
413 3295 530 3347 obnubit
547 3311 602 3346 non
621 3301 664 3346 est
681 3297 790 3346 sincera
807 3294 936 3357 voluptas

136 3386 137 3389 ¹
240 3362 302 3414 Non
320 3366 365 3415 est
382 3361 505 3413 sollieito
523 3362 610 3414 duleis
628 3363 658 3412 in
676 3378 722 3413 ore
741 3362 829 3413 nibus.

103 3433 128 3482 2.
147 3445 256 3496 mergo:
276 3430 340 3482 ideo
358 3431 411 3482 hoo
429 3429 490 3482 dieo
509 3431 580 3494 quod
599 3446 654 3481 res.
674 3429 768 3481 Ovidii
786 3435 837 3481 eet.
856 3425 968 3478 Heroid.
986 3427 1009 3487 1,
1028 3428 1075 3479 lit

105 3501 148 3549 12.
176 3494 271 3549 firmat.
359 3501 400 3552 13.
437 3498 488 3547 Ov.
505 3499 595 3548 Amor.
622 3497 779 3558 111‚4,17.
