2509 3917
422 195 487 248 Lib.
506 195 544 248 11.
579 210 605 251 v.
628 197 739 248 69-91.
1024 194 1065 257 41

98 347 239 422 Magnus,
263 345 418 415 facundus,
441 347 574 424 prudens
596 349 796 424 Agamemnon
820 346 966 423 elalius,

143 430 259 492 Nobilis
280 438 310 490 et
332 430 415 490 dives
436 431 665 509 pervalidusque
688 432 752 493 luit.
842 481 845 485 .
1031 440 1065 490 oo

96 514 240 576 Staturae
262 514 379 575 mediae
400 513 553 575 Menelaus
575 514 722 584 amabitis,
745 522 839 594 aptus,

144 598 248 667 Rufus,
273 599 422 659 formosus
444 604 474 657 et
496 599 573 659 bene
595 608 698 675 gratus
720 606 794 660 erat.

95 681 252 762 Improloq,
275 682 416 742 mobilior
438 683 519 750 lolio,
543 683 674 744 Ledaea!
696 683 809 744 caduco

144 766 212 827 Nou
234 772 354 846 poteras
375 774 458 826 tanto
479 767 536 828 lida
560 784 682 827 manere
705 770 777 827 vlro.

97 853 218 911 Aeneas
240 850 323 911 rnlus
346 849 477 920 affabilis,
502 869 555 912 ore
575 861 726 921 venustus,

145 934 255 1003 Fortis,
278 934 434 1002 facundus,
458 935 637 1014 consiliique
660 938 748 1004 scius,

96 1020 201 1096 Nigris
223 1016 359 1079 laudatur
381 1018 485 1088 oculis,
509 1019 561 1079 sed
584 1018 725 1080 alacriter
746 1017 806 1080 illis

144 1101 244 1163 Utitur
265 1110 299 1163 ut
319 1103 432 1170 ridens,
455 1107 501 1162 vir
523 1106 601 1183 pius,
624 1106 685 1164 imo
707 1105 826 1165 decens.

97 1190 236 1249 Antenor
258 1187 373 1263 longus,
395 1186 523 1262 gracilis,
546 1198 692 1257 versutus,
715 1198 821 1249 acutus

145 1271 206 1340 Est,
230 1271 323 1347 agilis,
346 1271 440 1339 velox,
463 1272 602 1348 providus
624 1280 712 1352 atque
735 1273 836 1344 dicax,

98 1355 164 1417 Ore
187 1362 329 1415 venustus
351 1363 416 1415 erat
437 1363 469 1415 et
489 1365 612 1434 pectore
634 1372 762 1431 maguus
785 1355 914 1417 Achilles

144 1435 293 1501 Strenuus
315 1444 344 1499 et
364 1438 476 1508 hilaris,
500 1440 668 1519 dapsilitate
691 1439 798 1501 libens.

96 1523 235 1603 Myrteus
256 1524 286 1583 iu
309 1525 402 1593 crine,
426 1524 564 1591 clemens.
589 1526 755 1585 acerrimus
777 1525 878 1592 armis,

145 1608 279 1686 Crispus,
302 1625 466 1670 amorosus.
489 1608 612 1685 grandia
635 1610 716 1668 ferre
737 1606 820 1668 levis.

98 1691 231 1769 Dapsilis
254 1699 283 1752 et
304 1693 437 1770 prudeus
460 1692 624 1762 Patroclus,
648 1709 775 1771 corpore
796 1690 922 1772 pulcher

145 1774 242 1837 Corde
263 1777 311 1855 pio
328 1793 436 1856 pacem
458 1780 549 1853 gessit
572 1783 601 1837 et
623 1795 675 1837 ore
698 1777 796 1840 fldem.

97 1861 169 1939 lpse
193 1859 409 1938 smaragdineis
431 1859 525 1921 oculis
546 1862 721 1941 magnisque
744 1861 881 1930 decorus,

145 1943 187 2004 Os
209 1944 273 2003 sine
294 1951 394 2005 mente
417 1941 525 2021 loquax
547 1946 679 2006 creditur
702 1962 767 2006 csse
789 1947 881 2006 uelas.

98 2026 208 2089 Clarus
232 2046 311 2101 voce,
335 2028 447 2099 valens,
471 2031 620 2091 formosus
643 2028 746 2090 Oileus
765 2027 847 2107 ljos,

145 2112 260 2188 Corpus
283 2111 450 2183 deductum,
474 2114 608 2174 membra
630 2116 773 2194 quadrata
794 2113 862 2174 sibi.

98 2194 230 2261 vocalis,
253 2194 367 2257 validus
388 2200 459 2259 Aiax
482 2196 673 2259 Telamonius
695 2207 788 2266 atrox,

145 2278 287 2356 Simplex,
311 2285 461 2342 caesaries
481 2291 541 2344 tam
564 2284 661 2359 nigra,
684 2285 781 2361 crispa
805 2300 899 2342 coma.

102 2363 170 2426 Non
194 2363 340 2426 formosus
364 2375 427 2425 erat
448 2366 501 2427 sed
524 2374 589 2427 crat
611 2366 758 2426 facundus
779 2364 880 2427 Ulixes

146 2448 207 2509 Ore
230 2448 351 2528 quidem
374 2448 451 2511 laeto
474 2468 533 2510 non
557 2460 655 2510 tamen
678 2451 792 2529 absque
813 2449 891 2508 dolo.

98 2532 250 2593 Facturae
271 2533 386 2594 mediae
407 2535 464 2594 luit
485 2543 516 2596 et
537 2536 682 2613 sapientia
706 2534 798 2594 multa

144 2615 250 2677 Cordis
273 2618 314 2685 ei;
338 2634 392 2678 cur
413 2618 471 2678 hoc
494 2620 686 2696 praeteriisse
707 2618 815 2678 velim?

100 2697 178 2768 Ouid
202 2699 239 2760 de
260 2702 390 2761 formosa
413 2702 508 2763 dicam
532 2702 686 2765 Briseide?
708 2701 844 2782 simplex,

144 2782 267 2854 Blanda,
290 2787 469 2856 verecunda,
492 2787 628 2857 candida,
652 2796 768 2868 compta
791 2788 856 2848 luit.

99 2866 208 2928 Juncu
232 2870 399 2945 supercilia.
424 2869 528 2931 molles
549 2871 701 2951 flavosque
722 2870 848 2949 capillos

143 2951 261 3030 Corpus
283 2960 312 3013 et
334 2956 467 3034 aequale,
490 2954 601 3017 lumina
624 2953 703 3016 clara
726 2953 831 3035 probo.
1032 2961 1066 3009 90

98 3034 270 3096 Debueram
292 3040 439 3117 posuisse,
463 3040 543 3115 quod
565 3040 640 3100 haec
662 3038 787 3100 affabilis
808 3047 888 3099 esset

170 3273 213 3322 to.
232 3270 299 3322 cna.
318 3273 406 3324 velex.
476 3275 518 3324 73.
536 3274 635 3325 Dares.
654 3273 756 3340 capillo
774 3278 890 3336 myrteo.
908 3274 999 3323 Iscan.
1017 3268 1065 3332 IV,

99 3341 149 3390 111
178 3353 256 3389 come
281 3341 417 3405 myrrhea.
453 3342 584 3393 Fortasse
607 3346 669 3393 erat
695 3342 772 3392 color
798 3342 940 3406 nigricans
965 3341 996 3386 ut
1022 3351 1067 3399 ap·

96 3407 218 3459 Philone.
247 3407 316 3461 Her.
345 3407 383 3462 11.
414 3408 438 3469 ἕ.
457 3411 490 3458 20
518 3425 544 3474 p.
562 3411 613 3460 690
639 3414 695 3459 not.
723 3413 748 3460 6.
768 3412 810 3460 13.
841 3407 899 3471 (ed.
926 3400 1066 3464 Olearius)

95 3464 261 3541 ὖακινθίνη
279 3465 363 3542 κόμη.
431 3477 473 3527 78.
492 3477 613 3527 creditur
629 3492 680 3542 pro
698 3476 803 3527 codicis
822 3475 936 3526 ceditur.
