<?xml version="1.0" encoding="UTF-8"?>
<!DOCTYPE html PUBLIC "-//W3C//DTD XHTML 1.0 Transitional//EN"
    "http://www.w3.org/TR/xhtml1/DTD/xhtml1-transitional.dtd">
<html xmlns="http://www.w3.org/1999/xhtml" xml:lang="en" lang="en">
 <head>
  <title>
</title>
<meta http-equiv="Content-Type" content="text/html;charset=utf-8" />
  <meta name='ocr-system' content='tesseract 3.04.00' />
  <meta name='ocr-capabilities' content='ocr_page ocr_carea ocr_par ocr_line ocrx_word'/>
</head>
<body>
  <div class='ocr_page' id='page_1' title='image "./troilus00albegoog_0089.png"; bbox 0 0 2509 3917; ppageno 0'>
   <div class='ocr_carea' id='block_1_1' title="bbox 441 182 782 235">
    <p class='ocr_par' dir='ltr' id='par_1_1' title="bbox 441 182 782 235">
     <span class='ocr_line' id='line_1_1' title="bbox 441 182 782 235; baseline 0 -4"><span class='ocrx_word' id='word_1_1' title='bbox 441 182 503 232; x_wconf 81' lang='lat' dir='ltr'><strong>Lib.</strong></span> <span class='ocrx_word' id='word_1_2' title='bbox 522 182 557 235; x_wconf 87' lang='lat' dir='ltr'><strong>II.</strong></span> <span class='ocrx_word' id='word_1_3' title='bbox 593 197 619 232; x_wconf 82' lang='lat' dir='ltr'><strong>r.</strong></span> <span class='ocrx_word' id='word_1_4' title='bbox 640 183 782 233; x_wconf 74' lang='lat'><strong>175—202.</strong></span> 
     </span>
    </p>
   </div>
   <div class='ocr_carea' id='block_1_2' title="bbox 82 333 1098 2691">
    <p class='ocr_par' dir='ltr' id='par_1_2' title="bbox 82 333 1098 2691">
     <span class='ocr_line' id='line_1_2' title="bbox 128 333 870 414; baseline 0.001 -19"><span class='ocrx_word' id='word_1_5' title='bbox 128 333 272 395; x_wconf 78' lang='lat' dir='ltr'><strong>[lettres</strong></span> <span class='ocrx_word' id='word_1_6' title='bbox 293 333 444 394; x_wconf 86' lang='lat' dir='ltr'><strong>Venereus</strong></span> <span class='ocrx_word' id='word_1_7' title='bbox 466 341 496 394; x_wconf 89' lang='lat' dir='ltr'><strong>et</strong></span> <span class='ocrx_word' id='word_1_8' title='bbox 518 335 731 414; x_wconf 76' lang='lat' dir='ltr'><strong>quinquaginta</strong></span> <span class='ocrx_word' id='word_1_9' title='bbox 754 336 870 401; x_wconf 78' lang='lat' dir='ltr'><strong>carinus</strong></span> 
     </span>
     <span class='ocr_line' id='line_1_3' title="bbox 175 417 894 499; baseline 0.003 -20"><span class='ocrx_word' id='word_1_10' title='bbox 175 418 286 479; x_wconf 86' lang='lat' dir='ltr'><strong>Omnes</strong></span> <span class='ocrx_word' id='word_1_11' title='bbox 307 427 377 478; x_wconf 90' lang='lat' dir='ltr'><strong>sunt</strong></span> <span class='ocrx_word' id='word_1_12' title='bbox 398 417 505 497; x_wconf 82' lang='lat' dir='ltr'><strong>plenae</strong></span> <span class='ocrx_word' id='word_1_13' title='bbox 527 419 655 480; x_wconf 79' lang='lat' dir='ltr'><strong>lontibus</strong></span> <span class='ocrx_word' id='word_1_14' title='bbox 678 418 791 499; x_wconf 83' lang='lat' dir='ltr'><strong>absque</strong></span> <span class='ocrx_word' id='word_1_15' title='bbox 814 437 894 481; x_wconf 90' lang='lat' dir='ltr'><strong>sene.</strong></span> 
     </span>
     <span class='ocr_line' id='line_1_4' title="bbox 128 502 934 584; baseline 0.002 -20"><span class='ocrx_word' id='word_1_16' title='bbox 128 507 168 564; x_wconf 92' lang='lat' dir='ltr'><strong>At</strong></span> <span class='ocrx_word' id='word_1_17' title='bbox 191 503 309 578; x_wconf 79' lang='lat' dir='ltr'><strong>triginta</strong></span> <span class='ocrx_word' id='word_1_18' title='bbox 332 502 430 563; x_wconf 83' lang='lat' dir='ltr'><strong>Thoas</strong></span> <span class='ocrx_word' id='word_1_19' title='bbox 451 504 530 564; x_wconf 88' lang='lat' dir='ltr'><strong>vehit</strong></span> <span class='ocrx_word' id='word_1_20' title='bbox 553 522 589 563; x_wconf 84' lang='lat' dir='ltr'><strong>ex</strong></span> <span class='ocrx_word' id='word_1_21' title='bbox 612 502 798 564; x_wconf 79' lang='lat' dir='ltr'><strong>Chalcedone</strong></span> <span class='ocrx_word' id='word_1_22' title='bbox 820 522 934 584; x_wconf 83' lang='lat' dir='ltr'><strong>puppes</strong></span> 
     </span>
     <span class='ocr_line' id='line_1_5' title="bbox 177 585 980 669; baseline 0.005 -23"><span class='ocrx_word' id='word_1_23' title='bbox 177 586 254 647; x_wconf 89' lang='lat' dir='ltr'><strong>Huic</strong></span> <span class='ocrx_word' id='word_1_24' title='bbox 276 604 377 647; x_wconf 91' lang='lat' dir='ltr'><strong>comes</strong></span> <span class='ocrx_word' id='word_1_25' title='bbox 398 585 543 667; x_wconf 90' lang='lat' dir='ltr'><strong>Aullppus</strong></span> <span class='ocrx_word' id='word_1_26' title='bbox 565 589 696 665; x_wconf 86' lang='lat' dir='ltr'><strong>huicque</strong></span> <span class='ocrx_word' id='word_1_27' title='bbox 717 588 885 669; x_wconf 86' lang='lat' dir='ltr'><strong>Phidippus</strong></span> <span class='ocrx_word' id='word_1_28' title='bbox 908 597 980 659; x_wconf 87' lang='lat' dir='ltr'><strong>erat,</strong></span> 
     </span>
     <span class='ocr_line' id='line_1_6' title="bbox 130 669 784 748; baseline 0 -16"><span class='ocrx_word' id='word_1_29' title='bbox 130 669 289 748; x_wconf 80' lang='lat' dir='ltr'><strong>Octoginta</strong></span> <span class='ocrx_word' id='word_1_30' title='bbox 312 673 394 732; x_wconf 87' lang='lat' dir='ltr'><strong>vehit</strong></span> <span class='ocrx_word' id='word_1_31' title='bbox 416 690 451 731; x_wconf 85' lang='lat' dir='ltr'><strong>ex</strong></span> <span class='ocrx_word' id='word_1_32' title='bbox 475 672 562 732; x_wconf 85' lang='lat' dir='ltr'><strong>Creta</strong></span> <span class='ocrx_word' id='word_1_33' title='bbox 584 672 732 733; x_wconf 82' lang='lat' dir='ltr'><strong>Meriones</strong></span> <span class='ocrx_word' id='word_1_34' title='bbox 754 680 784 732; x_wconf 86' lang='lat' dir='ltr'><strong>et</strong></span> 
     </span>
     <span class='ocr_line' id='line_1_7' title="bbox 174 755 807 818; baseline 0.002 -2"><span class='ocrx_word' id='word_1_35' title='bbox 174 755 234 816; x_wconf 93' lang='lat' dir='ltr'><strong>Par</strong></span> <span class='ocrx_word' id='word_1_36' title='bbox 255 762 320 815; x_wconf 85' lang='lat' dir='ltr'><strong>erat</strong></span> <span class='ocrx_word' id='word_1_37' title='bbox 340 755 517 817; x_wconf 83' lang='lat' dir='ltr'><strong>Idomeneus</strong></span> <span class='ocrx_word' id='word_1_38' title='bbox 539 757 624 818; x_wconf 87' lang='lat' dir='ltr'><strong>lortis</strong></span> <span class='ocrx_word' id='word_1_39' title='bbox 645 760 675 817; x_wconf 90' lang='lat' dir='ltr'><strong>ei</strong></span> <span class='ocrx_word' id='word_1_40' title='bbox 698 758 807 818; x_wconf 89' lang='lat' dir='ltr'><strong>soclus.</strong></span> 
     </span>
     <span class='ocr_line' id='line_1_8' title="bbox 128 839 815 911; baseline 0.001 -12"><span class='ocrx_word' id='word_1_41' title='bbox 128 839 176 899; x_wconf 83' lang='lat' dir='ltr'><strong>Ex</strong></span> <span class='ocrx_word' id='word_1_42' title='bbox 198 839 303 901; x_wconf 85' lang='lat' dir='ltr'><strong>Palam</strong></span> <span class='ocrx_word' id='word_1_43' title='bbox 326 839 427 901; x_wconf 85' lang='lat' dir='ltr'><strong>decies</strong></span> <span class='ocrx_word' id='word_1_44' title='bbox 448 840 495 900; x_wconf 92' lang='lat' dir='ltr'><strong>his</strong></span> <span class='ocrx_word' id='word_1_45' title='bbox 517 840 615 911; x_wconf 91' lang='lat' dir='ltr'><strong>binas,</strong></span> <span class='ocrx_word' id='word_1_46' title='bbox 637 841 815 903; x_wconf 84' lang='lat' dir='ltr'><strong>Protesilao!</strong></span> 
     </span>
     <span class='ocr_line' id='line_1_9' title="bbox 175 923 846 1004; baseline 0.006 -21"><span class='ocrx_word' id='word_1_47' title='bbox 175 923 264 984; x_wconf 89' lang='lat' dir='ltr'><strong>Oucis</strong></span> <span class='ocrx_word' id='word_1_48' title='bbox 286 932 316 984; x_wconf 86' lang='lat' dir='ltr'><strong>et</strong></span> <span class='ocrx_word' id='word_1_49' title='bbox 337 943 373 984; x_wconf 81' lang='lat' dir='ltr'><strong>ex</strong></span> <span class='ocrx_word' id='word_1_50' title='bbox 396 925 509 1004; x_wconf 78' lang='lat' dir='ltr'><strong>Pyrgis,</strong></span> <span class='ocrx_word' id='word_1_51' title='bbox 532 944 550 984; x_wconf 94' lang='lat' dir='ltr'><strong>o</strong></span> <span class='ocrx_word' id='word_1_52' title='bbox 573 925 708 987; x_wconf 83' lang='lat' dir='ltr'><strong>Eumelc!</strong></span> <span class='ocrx_word' id='word_1_53' title='bbox 732 925 846 987; x_wconf 86' lang='lat' dir='ltr'><strong>decem.</strong></span> 
     </span>
     <span class='ocr_line' id='line_1_10' title="bbox 130 1008 907 1090; baseline 0.004 -22"><span class='ocrx_word' id='word_1_54' title='bbox 130 1008 190 1068; x_wconf 88' lang='lat' dir='ltr'><strong>Dat</strong></span> <span class='ocrx_word' id='word_1_55' title='bbox 210 1008 331 1084; x_wconf 82' lang='lat' dir='ltr'><strong>triginta</strong></span> <span class='ocrx_word' id='word_1_56' title='bbox 354 1017 433 1070; x_wconf 86' lang='lat' dir='ltr'><strong>rates</strong></span> <span class='ocrx_word' id='word_1_57' title='bbox 455 1009 622 1072; x_wconf 84' lang='lat' dir='ltr'><strong>Podalirius</strong></span> <span class='ocrx_word' id='word_1_58' title='bbox 645 1019 733 1090; x_wconf 89' lang='lat' dir='ltr'><strong>atque</strong></span> <span class='ocrx_word' id='word_1_59' title='bbox 754 1009 907 1080; x_wconf 86' lang='lat' dir='ltr'><strong>Machaon,</strong></span> 
     </span>
     <span class='ocr_line' id='line_1_11' title="bbox 175 1092 853 1173; baseline 0.001 -21"><span class='ocrx_word' id='word_1_60' title='bbox 175 1092 282 1170; x_wconf 86' lang='lat' dir='ltr'><strong>lutras,</strong></span> <span class='ocrx_word' id='word_1_61' title='bbox 306 1093 503 1173; x_wconf 76' lang='lat' dir='ltr'><strong>Triptolemo!</strong></span> <span class='ocrx_word' id='word_1_62' title='bbox 526 1095 651 1156; x_wconf 86' lang='lat' dir='ltr'><strong>navibus</strong></span> <span class='ocrx_word' id='word_1_63' title='bbox 673 1104 740 1156; x_wconf 86' lang='lat' dir='ltr'><strong>octo</strong></span> <span class='ocrx_word' id='word_1_64' title='bbox 762 1112 853 1156; x_wconf 90' lang='lat' dir='ltr'><strong>mare.</strong></span> 
     </span>
     <span class='ocr_line' id='line_1_12' title="bbox 131 1174 1097 1256; baseline 0.003 -20"><span class='ocrx_word' id='word_1_65' title='bbox 131 1174 354 1256; x_wconf 83' lang='lat' dir='ltr'><strong>Quinquaginta</strong></span> <span class='ocrx_word' id='word_1_66' title='bbox 377 1185 456 1239; x_wconf 89' lang='lat' dir='ltr'><strong>rates</strong></span> <span class='ocrx_word' id='word_1_67' title='bbox 477 1180 631 1241; x_wconf 87' lang='lat' dir='ltr'><strong>Patroclus</strong></span> <span class='ocrx_word' id='word_1_68' title='bbox 653 1188 744 1256; x_wconf 84' lang='lat' dir='ltr'><strong>egunt</strong></span> <span class='ocrx_word' id='word_1_69' title='bbox 766 1187 796 1239; x_wconf 87' lang='lat' dir='ltr'><strong>et</strong></span> <span class='ocrx_word' id='word_1_70' title='bbox 817 1175 949 1241; x_wconf 89' lang='lat' dir='ltr'><strong>Achilles</strong></span> <span class='ocrx_word' id='word_1_71' title='bbox 1049 1190 1097 1239; x_wconf 75' lang='lat'><strong>185</strong></span> 
     </span>
     <span class='ocr_line' id='line_1_13' title="bbox 176 1261 968 1344; baseline 0.004 -24"><span class='ocrx_word' id='word_1_72' title='bbox 176 1261 220 1321; x_wconf 82' lang='lat' dir='ltr'><strong>Ex</strong></span> <span class='ocrx_word' id='word_1_73' title='bbox 242 1261 361 1341; x_wconf 77' lang='lat' dir='ltr'><strong>Scythia</strong></span> <span class='ocrx_word' id='word_1_74' title='bbox 383 1273 548 1342; x_wconf 83' lang='lat' dir='ltr'><strong>properant</strong></span> <span class='ocrx_word' id='word_1_75' title='bbox 568 1264 828 1344; x_wconf 79' lang='lat' dir='ltr'><strong>Myrmidoncsque</strong></span> <span class='ocrx_word' id='word_1_76' title='bbox 851 1271 968 1324; x_wconf 85' lang='lat' dir='ltr'><strong>vocant.</strong></span> 
     </span>
     <span class='ocr_line' id='line_1_14' title="bbox 131 1344 896 1429; baseline 0.003 -23"><span class='ocrx_word' id='word_1_77' title='bbox 131 1344 296 1423; x_wconf 91' lang='lat' dir='ltr'><strong>Alphineus</strong></span> <span class='ocrx_word' id='word_1_78' title='bbox 318 1351 442 1408; x_wconf 85' lang='lat' dir='ltr'><strong>veniens</strong></span> <span class='ocrx_word' id='word_1_79' title='bbox 464 1367 501 1408; x_wconf 80' lang='lat' dir='ltr'><strong>ex</strong></span> <span class='ocrx_word' id='word_1_80' title='bbox 521 1349 607 1409; x_wconf 89' lang='lat' dir='ltr'><strong>Elide</strong></span> <span class='ocrx_word' id='word_1_81' title='bbox 630 1366 684 1429; x_wconf 86' lang='lat' dir='ltr'><strong>per</strong></span> <span class='ocrx_word' id='word_1_82' title='bbox 707 1367 789 1409; x_wconf 89' lang='lat' dir='ltr'><strong>mare</strong></span> <span class='ocrx_word' id='word_1_83' title='bbox 811 1348 896 1409; x_wconf 86' lang='lat' dir='ltr'><strong>ducit</strong></span> 
     </span>
     <span class='ocr_line' id='line_1_15' title="bbox 176 1429 939 1512; baseline 0.007 -23"><span class='ocrx_word' id='word_1_84' title='bbox 176 1429 392 1508; x_wconf 83' lang='lat' dir='ltr'><strong>Quinquaginta</strong></span> <span class='ocrx_word' id='word_1_85' title='bbox 414 1442 495 1492; x_wconf 88' lang='lat' dir='ltr'><strong>rates</strong></span> <span class='ocrx_word' id='word_1_86' title='bbox 515 1432 808 1512; x_wconf 89' lang='lat' dir='ltr'><strong>Amphimachusque</strong></span> <span class='ocrx_word' id='word_1_87' title='bbox 831 1449 939 1494; x_wconf 89' lang='lat' dir='ltr'><strong>comes.</strong></span> 
     </span>
     <span class='ocr_line' id='line_1_16' title="bbox 129 1513 932 1593; baseline 0 -18"><span class='ocrx_word' id='word_1_88' title='bbox 129 1514 199 1575; x_wconf 92' lang='lat' dir='ltr'><strong>Non</strong></span> <span class='ocrx_word' id='word_1_89' title='bbox 222 1513 306 1574; x_wconf 90' lang='lat' dir='ltr'><strong>deest</strong></span> <span class='ocrx_word' id='word_1_90' title='bbox 327 1515 473 1592; x_wconf 82' lang='lat' dir='ltr'><strong>Argolicis</strong></span> <span class='ocrx_word' id='word_1_91' title='bbox 495 1516 667 1593; x_wconf 89' lang='lat' dir='ltr'><strong>praeclarus</strong></span> <span class='ocrx_word' id='word_1_92' title='bbox 688 1517 782 1577; x_wconf 84' lang='lat' dir='ltr'><strong>Marte</strong></span> <span class='ocrx_word' id='word_1_93' title='bbox 804 1515 932 1579; x_wconf 83' lang='lat' dir='ltr'><strong>Leontos</strong></span> 
     </span>
     <span class='ocr_line' id='line_1_17' title="bbox 176 1598 881 1679; baseline 0.003 -21"><span class='ocrx_word' id='word_1_94' title='bbox 176 1598 278 1659; x_wconf 86' lang='lat' dir='ltr'><strong>llando</strong></span> <span class='ocrx_word' id='word_1_95' title='bbox 302 1601 499 1678; x_wconf 89' lang='lat' dir='ltr'><strong>quaterdenas</strong></span> <span class='ocrx_word' id='word_1_96' title='bbox 521 1619 588 1663; x_wconf 91' lang='lat' dir='ltr'><strong>cum</strong></span> <span class='ocrx_word' id='word_1_97' title='bbox 611 1600 771 1679; x_wconf 79' lang='lat' dir='ltr'><strong>Polypoetc</strong></span> <span class='ocrx_word' id='word_1_98' title='bbox 792 1609 881 1660; x_wconf 88' lang='lat' dir='ltr'><strong>rates.</strong></span> 
     </span>
     <span class='ocr_line' id='line_1_18' title="bbox 82 1680 882 1764; baseline 0.001 -21"><span class='ocrx_word' id='word_1_99' title='bbox 82 1692 86 1701; x_wconf 84' lang='grc'><strong><em>’</em></strong></span> <span class='ocrx_word' id='word_1_100' title='bbox 129 1683 255 1744; x_wconf 85' lang='lat' dir='ltr'><strong>Guneus</strong></span> <span class='ocrx_word' id='word_1_101' title='bbox 277 1702 312 1744; x_wconf 83' lang='lat' dir='ltr'><strong>er</strong></span> <span class='ocrx_word' id='word_1_102' title='bbox 337 1684 438 1764; x_wconf 81' lang='lat' dir='ltr'><strong>Cypho</strong></span> <span class='ocrx_word' id='word_1_103' title='bbox 461 1705 519 1746; x_wconf 91' lang='lat' dir='ltr'><strong>non</strong></span> <span class='ocrx_word' id='word_1_104' title='bbox 539 1680 649 1747; x_wconf 63' lang='lat' dir='ltr'><strong>&#39;militat</strong></span> <span class='ocrx_word' id='word_1_105' title='bbox 669 1686 783 1763; x_wconf 86' lang='lat' dir='ltr'><strong>impare</strong></span> <span class='ocrx_word' id='word_1_106' title='bbox 806 1693 882 1754; x_wconf 86' lang='lat' dir='ltr'><strong>voto,</strong></span> 
     </span>
     <span class='ocr_line' id='line_1_19' title="bbox 153 1767 810 1837; baseline 0.003 -10"><span class='ocrx_word' id='word_1_107' title='bbox 153 1767 233 1834; x_wconf 76' lang='lat' dir='ltr'><strong>,Sed</strong></span> <span class='ocrx_word' id='word_1_108' title='bbox 257 1767 346 1837; x_wconf 88' lang='lat' dir='ltr'><strong>dicas,</strong></span> <span class='ocrx_word' id='word_1_109' title='bbox 370 1769 468 1830; x_wconf 88' lang='lat' dir='ltr'><strong>decies</strong></span> <span class='ocrx_word' id='word_1_110' title='bbox 490 1770 607 1831; x_wconf 85' lang='lat' dir='ltr'><strong>advehit</strong></span> <span class='ocrx_word' id='word_1_111' title='bbox 629 1779 697 1830; x_wconf 91' lang='lat' dir='ltr'><strong>octo</strong></span> <span class='ocrx_word' id='word_1_112' title='bbox 719 1778 810 1831; x_wconf 87' lang='lat' dir='ltr'><strong>rates.</strong></span> 
     </span>
     <span class='ocr_line' id='line_1_20' title="bbox 129 1851 939 1924; baseline 0.001 -13"><span class='ocrx_word' id='word_1_113' title='bbox 129 1854 222 1912; x_wconf 93' lang='lat' dir='ltr'><strong>Arma</strong></span> <span class='ocrx_word' id='word_1_114' title='bbox 244 1851 423 1914; x_wconf 87' lang='lat' dir='ltr'><strong>Philoctetes</strong></span> <span class='ocrx_word' id='word_1_115' title='bbox 444 1871 505 1914; x_wconf 90' lang='lat' dir='ltr'><strong>nou</strong></span> <span class='ocrx_word' id='word_1_116' title='bbox 527 1853 686 1924; x_wconf 88' lang='lat' dir='ltr'><strong>subtrahit,</strong></span> <span class='ocrx_word' id='word_1_117' title='bbox 709 1855 800 1915; x_wconf 91' lang='lat' dir='ltr'><strong>immo</strong></span> <span class='ocrx_word' id='word_1_118' title='bbox 824 1853 939 1914; x_wconf 90' lang='lat' dir='ltr'><strong>carinas</strong></span> 
     </span>
     <span class='ocr_line' id='line_1_21' title="bbox 176 1935 871 2017; baseline -0.001 -20"><span class='ocrx_word' id='word_1_119' title='bbox 176 1935 375 2014; x_wconf 87' lang='lat' dir='ltr'><strong>Quadraginta</strong></span> <span class='ocrx_word' id='word_1_120' title='bbox 399 1939 487 2008; x_wconf 88' lang='lat' dir='ltr'><strong>vehit,</strong></span> <span class='ocrx_word' id='word_1_121' title='bbox 508 1938 750 2017; x_wconf 88' lang='lat' dir='ltr'><strong>Magnesiamque</strong></span> <span class='ocrx_word' id='word_1_122' title='bbox 772 1937 871 1999; x_wconf 91' lang='lat' dir='ltr'><strong>trahit.</strong></span> 
     </span>
     <span class='ocr_line' id='line_1_22' title="bbox 133 2021 888 2101; baseline 0 -20"><span class='ocrx_word' id='word_1_123' title='bbox 133 2021 279 2082; x_wconf 74' lang='lat' dir='ltr'><strong>Arcadiae</strong></span> <span class='ocrx_word' id='word_1_124' title='bbox 301 2023 441 2101; x_wconf 89' lang='lat' dir='ltr'><strong>princeps</strong></span> <span class='ocrx_word' id='word_1_125' title='bbox 463 2022 645 2101; x_wconf 88' lang='lat' dir='ltr'><strong>penultimus</strong></span> <span class='ocrx_word' id='word_1_126' title='bbox 667 2029 711 2083; x_wconf 89' lang='lat' dir='ltr'><strong>est</strong></span> <span class='ocrx_word' id='word_1_127' title='bbox 731 2024 888 2101; x_wconf 87' lang='lat' dir='ltr'><strong>Agapenor</strong></span> 
     </span>
     <span class='ocr_line' id='line_1_23' title="bbox 177 2104 842 2187; baseline 0.005 -22"><span class='ocrx_word' id='word_1_128' title='bbox 177 2104 235 2165; x_wconf 83' lang='lat' dir='ltr'><strong>Ser</strong></span> <span class='ocrx_word' id='word_1_129' title='bbox 259 2104 358 2165; x_wconf 87' lang='lat' dir='ltr'><strong>decies</strong></span> <span class='ocrx_word' id='word_1_130' title='bbox 379 2105 495 2168; x_wconf 90' lang='lat' dir='ltr'><strong>ratibus</strong></span> <span class='ocrx_word' id='word_1_131' title='bbox 516 2117 642 2187; x_wconf 86' lang='lat' dir='ltr'><strong>occupat</strong></span> <span class='ocrx_word' id='word_1_132' title='bbox 663 2106 713 2168; x_wconf 88' lang='lat' dir='ltr'><strong>ille</strong></span> <span class='ocrx_word' id='word_1_133' title='bbox 736 2106 842 2168; x_wconf 89' lang='lat' dir='ltr'><strong>solum.</strong></span> 
     </span>
     <span class='ocr_line' id='line_1_24' title="bbox 132 2188 970 2270; baseline 0.001 -22"><span class='ocrx_word' id='word_1_134' title='bbox 132 2188 308 2250; x_wconf 85' lang='lat' dir='ltr'><strong>Mnestheus</strong></span> <span class='ocrx_word' id='word_1_135' title='bbox 329 2193 462 2252; x_wconf 90' lang='lat' dir='ltr'><strong>occurrit</strong></span> <span class='ocrx_word' id='word_1_136' title='bbox 484 2190 521 2251; x_wconf 92' lang='lat' dir='ltr'><strong>ah</strong></span> <span class='ocrx_word' id='word_1_137' title='bbox 543 2192 676 2260; x_wconf 84' lang='lat' dir='ltr'><strong>Athenis,</strong></span> <span class='ocrx_word' id='word_1_138' title='bbox 700 2191 850 2270; x_wconf 89' lang='lat' dir='ltr'><strong>puppibus</strong></span> <span class='ocrx_word' id='word_1_139' title='bbox 872 2197 970 2250; x_wconf 88' lang='lat' dir='ltr'><strong>autem</strong></span> 
     </span>
     <span class='ocr_line' id='line_1_25' title="bbox 175 2272 830 2354; baseline 0.003 -23"><span class='ocrx_word' id='word_1_140' title='bbox 175 2272 209 2332; x_wconf 93' lang='lat' dir='ltr'><strong>ln</strong></span> <span class='ocrx_word' id='word_1_141' title='bbox 232 2274 451 2351; x_wconf 87' lang='lat' dir='ltr'><strong>quinquagenis</strong></span> <span class='ocrx_word' id='word_1_142' title='bbox 473 2294 554 2336; x_wconf 90' lang='lat' dir='ltr'><strong>arma</strong></span> <span class='ocrx_word' id='word_1_143' title='bbox 578 2275 719 2354; x_wconf 86' lang='lat' dir='ltr'><strong>cibosque</strong></span> <span class='ocrx_word' id='word_1_144' title='bbox 742 2275 830 2335; x_wconf 88' lang='lat' dir='ltr'><strong>vehit.</strong></span> 
     </span>
     <span class='ocr_line' id='line_1_26' title="bbox 129 2358 943 2439; baseline -0.002 -21"><span class='ocrx_word' id='word_1_145' title='bbox 129 2359 193 2418; x_wconf 86' lang='lat' dir='ltr'><strong>Has</strong></span> <span class='ocrx_word' id='word_1_146' title='bbox 215 2358 305 2434; x_wconf 90' lang='lat' dir='ltr'><strong>igitur</strong></span> <span class='ocrx_word' id='word_1_147' title='bbox 327 2359 515 2439; x_wconf 89' lang='lat' dir='ltr'><strong>reliquasque</strong></span> <span class='ocrx_word' id='word_1_148' title='bbox 537 2370 617 2422; x_wconf 88' lang='lat' dir='ltr'><strong>rates</strong></span> <span class='ocrx_word' id='word_1_149' title='bbox 640 2377 707 2421; x_wconf 91' lang='lat' dir='ltr'><strong>cum</strong></span> <span class='ocrx_word' id='word_1_150' title='bbox 729 2358 820 2418; x_wconf 92' lang='lat' dir='ltr'><strong>rebus</strong></span> <span class='ocrx_word' id='word_1_151' title='bbox 842 2375 943 2418; x_wconf 90' lang='lat' dir='ltr'><strong>earum</strong></span> 
     </span>
     <span class='ocr_line' id='line_1_27' title="bbox 179 2438 1098 2518; baseline 0.001 -18"><span class='ocrx_word' id='word_1_152' title='bbox 179 2438 379 2518; x_wconf 88' lang='lat' dir='ltr'><strong>Quadraginta</strong></span> <span class='ocrx_word' id='word_1_153' title='bbox 403 2462 507 2503; x_wconf 88' lang='lat' dir='ltr'><strong>novem</strong></span> <span class='ocrx_word' id='word_1_154' title='bbox 531 2444 578 2505; x_wconf 94' lang='lat' dir='ltr'><strong>dic</strong></span> <span class='ocrx_word' id='word_1_155' title='bbox 600 2443 763 2504; x_wconf 80' lang='lat' dir='ltr'><strong>fabricasse</strong></span> <span class='ocrx_word' id='word_1_156' title='bbox 786 2442 887 2502; x_wconf 88' lang='lat' dir='ltr'><strong>duces.</strong></span> <span class='ocrx_word' id='word_1_157' title='bbox 1022 2451 1098 2501; x_wconf 74' lang='lat'><strong>,200</strong></span> 
     </span>
     <span class='ocr_line' id='line_1_28' title="bbox 132 2524 879 2596; baseline -0.001 -11"><span class='ocrx_word' id='word_1_158' title='bbox 132 2525 245 2586; x_wconf 86' lang='lat' dir='ltr'><strong>Omnes</strong></span> <span class='ocrx_word' id='word_1_159' title='bbox 266 2524 398 2587; x_wconf 87' lang='lat' dir='ltr'><strong>illustres</strong></span> <span class='ocrx_word' id='word_1_160' title='bbox 420 2536 450 2588; x_wconf 90' lang='lat' dir='ltr'><strong>et</strong></span> <span class='ocrx_word' id='word_1_161' title='bbox 469 2528 571 2588; x_wconf 90' lang='lat' dir='ltr'><strong>Martis</strong></span> <span class='ocrx_word' id='word_1_162' title='bbox 593 2531 625 2588; x_wconf 92' lang='lat' dir='ltr'><strong>in</strong></span> <span class='ocrx_word' id='word_1_163' title='bbox 648 2526 764 2588; x_wconf 91' lang='lat' dir='ltr'><strong>artibus</strong></span> <span class='ocrx_word' id='word_1_164' title='bbox 785 2543 879 2596; x_wconf 77' lang='lat' dir='ltr'><strong>acreS,</strong></span> 
     </span>
     <span class='ocr_line' id='line_1_29' title="bbox 175 2608 916 2691; baseline 0 -22"><span class='ocrx_word' id='word_1_165' title='bbox 175 2610 260 2670; x_wconf 91' lang='lat' dir='ltr'><strong>Mens</strong></span> <span class='ocrx_word' id='word_1_166' title='bbox 280 2608 389 2686; x_wconf 91' lang='lat' dir='ltr'><strong>quihus</strong></span> <span class='ocrx_word' id='word_1_167' title='bbox 412 2620 458 2673; x_wconf 88' lang='lat' dir='ltr'><strong>est</strong></span> <span class='ocrx_word' id='word_1_168' title='bbox 480 2610 558 2672; x_wconf 91' lang='lat' dir='ltr'><strong>nolle</strong></span> <span class='ocrx_word' id='word_1_169' title='bbox 580 2613 698 2679; x_wconf 87' lang='lat' dir='ltr'><strong>cedere,</strong></span> <span class='ocrx_word' id='word_1_170' title='bbox 720 2609 808 2691; x_wconf 84' lang='lat' dir='ltr'><strong>malle</strong></span> <span class='ocrx_word' id='word_1_171' title='bbox 829 2612 916 2671; x_wconf 92' lang='lat' dir='ltr'><strong>mori.</strong></span> 
     </span>
    </p>
   </div>
   <div class='ocr_carea' id='block_1_3' title="bbox 128 2794 1099 3533">
    <p class='ocr_par' dir='ltr' id='par_1_3' title="bbox 128 2794 1099 3533">
     <span class='ocr_line' id='line_1_30' title="bbox 201 2794 1099 2860; baseline 0.001 -17"><span class='ocrx_word' id='word_1_172' title='bbox 201 2796 259 2845; x_wconf 81' lang='grc'><strong>175.</strong></span> <span class='ocrx_word' id='word_1_173' title='bbox 292 2796 359 2858; x_wconf 84' lang='lat' dir='ltr'><strong>Quis</strong></span> <span class='ocrx_word' id='word_1_174' title='bbox 377 2797 427 2858; x_wconf 83' lang='lat' dir='ltr'><strong>sii,</strong></span> <span class='ocrx_word' id='word_1_175' title='bbox 448 2798 598 2858; x_wconf 83' lang='lat' dir='ltr'><strong>nescimus,</strong></span> <span class='ocrx_word' id='word_1_176' title='bbox 623 2810 704 2860; x_wconf 90' lang='lat' dir='ltr'><strong>quum</strong></span> <span class='ocrx_word' id='word_1_177' title='bbox 723 2795 755 2845; x_wconf 87' lang='lat' dir='ltr'><strong>de</strong></span> <span class='ocrx_word' id='word_1_178' title='bbox 772 2796 897 2847; x_wconf 86' lang='lat' dir='ltr'><strong>Venereo</strong></span> <span class='ocrx_word' id='word_1_179' title='bbox 915 2794 1034 2860; x_wconf 80' lang='lat' dir='ltr'><strong>quodam</strong></span> <span class='ocrx_word' id='word_1_180' title='bbox 1051 2810 1099 2844; x_wconf 89' lang='lat' dir='ltr'><strong>un·</strong></span> 
     </span>
     <span class='ocr_line' id='line_1_31' title="bbox 132 2860 1098 2925; baseline 0.002 -16"><span class='ocrx_word' id='word_1_181' title='bbox 132 2860 217 2925; x_wconf 89' lang='lat' dir='ltr'><strong>dique</strong></span> <span class='ocrx_word' id='word_1_182' title='bbox 236 2861 324 2913; x_wconf 86' lang='lat' dir='ltr'><strong>altum</strong></span> <span class='ocrx_word' id='word_1_183' title='bbox 346 2864 493 2915; x_wconf 65' lang='lat' dir='ltr'><strong>silentium,</strong></span> <span class='ocrx_word' id='word_1_184' title='bbox 562 2865 621 2914; x_wconf 85' lang='grc'><strong>177.</strong></span> <span class='ocrx_word' id='word_1_185' title='bbox 645 2862 710 2912; x_wconf 85' lang='lat' dir='ltr'><strong>Ood.</strong></span> <span class='ocrx_word' id='word_1_186' title='bbox 729 2862 891 2915; x_wconf 81' lang='lat' dir='ltr'><strong>Oelcedine.</strong></span> <span class='ocrx_word' id='word_1_187' title='bbox 944 2864 1002 2912; x_wconf 92' lang='grc'><strong>178.</strong></span> <span class='ocrx_word' id='word_1_188' title='bbox 1033 2863 1098 2913; x_wconf 89' lang='lat' dir='ltr'><strong>Phi-</strong></span> 
     </span>
     <span class='ocr_line' id='line_1_32' title="bbox 132 2927 1097 2996; baseline 0.003 -20"><span class='ocrx_word' id='word_1_189' title='bbox 132 2927 234 2993; x_wconf 89' lang='lat' dir='ltr'><strong>dippus</strong></span> <span class='ocrx_word' id='word_1_190' title='bbox 252 2931 385 2981; x_wconf 85' lang='lat' dir='ltr'><strong>eDarete</strong></span> <span class='ocrx_word' id='word_1_191' title='bbox 403 2946 453 2996; x_wconf 86' lang='lat' dir='ltr'><strong>pro</strong></span> <span class='ocrx_word' id='word_1_192' title='bbox 471 2930 623 2995; x_wconf 86' lang='lat' dir='ltr'><strong>Philippus.</strong></span> <span class='ocrx_word' id='word_1_193' title='bbox 677 2932 734 2981; x_wconf 88' lang='grc'><strong>179.</strong></span> <span class='ocrx_word' id='word_1_194' title='bbox 751 2936 779 2980; x_wconf 88' lang='lat' dir='ltr'><strong>et</strong></span> <span class='ocrx_word' id='word_1_195' title='bbox 790 2945 850 2994; x_wconf 89' lang='lat' dir='ltr'><strong>pro:</strong></span> <span class='ocrx_word' id='word_1_196' title='bbox 869 2929 903 2981; x_wconf 85' lang='lat' dir='ltr'><strong>si.</strong></span> <span class='ocrx_word' id='word_1_197' title='bbox 957 2930 1015 2981; x_wconf 79' lang='grc'><strong>182.</strong></span> <span class='ocrx_word' id='word_1_198' title='bbox 1033 2928 1097 2979; x_wconf 79' lang='lat' dir='ltr'><strong>Coo.</strong></span> 
     </span>
     <span class='ocr_line' id='line_1_33' title="bbox 132 2994 1099 3050; baseline 0.001 -5"><span class='ocrx_word' id='word_1_199' title='bbox 132 2994 299 3048; x_wconf 81' lang='lat' dir='ltr'><strong>oOimelec.</strong></span> <span class='ocrx_word' id='word_1_200' title='bbox 352 2999 411 3048; x_wconf 83' lang='grc'><strong>183.</strong></span> <span class='ocrx_word' id='word_1_201' title='bbox 434 2996 500 3048; x_wconf 87' lang='lat' dir='ltr'><strong>Ood.</strong></span> <span class='ocrx_word' id='word_1_202' title='bbox 524 2998 691 3049; x_wconf 88' lang='lat' dir='ltr'><strong>Polidarius.</strong></span> <span class='ocrx_word' id='word_1_203' title='bbox 759 2999 818 3050; x_wconf 89' lang='grc'><strong>187.</strong></span> <span class='ocrx_word' id='word_1_204' title='bbox 843 2997 867 3046; x_wconf 83' lang='lat' dir='ltr'><strong>A</strong></span> <span class='ocrx_word' id='word_1_205' title='bbox 888 2999 993 3047; x_wconf 81' lang='lat' dir='ltr'><strong>Derete</strong></span> <span class='ocrx_word' id='word_1_206' title='bbox 1016 2997 1099 3046; x_wconf 89' lang='lat' dir='ltr'><strong>nomi-</strong></span> 
     </span>
     <span class='ocr_line' id='line_1_34' title="bbox 130 3063 1098 3130; baseline 0.006 -18"><span class='ocrx_word' id='word_1_207' title='bbox 130 3067 216 3114; x_wconf 82' lang='lat' dir='ltr'><strong>netur</strong></span> <span class='ocrx_word' id='word_1_208' title='bbox 238 3063 385 3129; x_wconf 83' lang='lat' dir='ltr'><strong>Antiphus.</strong></span> <span class='ocrx_word' id='word_1_209' title='bbox 430 3064 511 3116; x_wconf 85' lang='lat' dir='ltr'><strong>Elide</strong></span> <span class='ocrx_word' id='word_1_210' title='bbox 538 3080 587 3130; x_wconf 86' lang='lat' dir='ltr'><strong>pro</strong></span> <span class='ocrx_word' id='word_1_211' title='bbox 615 3064 697 3116; x_wconf 88' lang='lat' dir='ltr'><strong>Ilide.</strong></span> <span class='ocrx_word' id='word_1_212' title='bbox 783 3066 841 3115; x_wconf 82' lang='grc'><strong>189.</strong></span> <span class='ocrx_word' id='word_1_213' title='bbox 874 3065 1002 3115; x_wconf 87' lang='lat' dir='ltr'><strong>Leontes.</strong></span> <span class='ocrx_word' id='word_1_214' title='bbox 1032 3064 1098 3118; x_wconf 85' lang='lat' dir='ltr'><strong>Der.</strong></span> 
     </span>
     <span class='ocr_line' id='line_1_35' title="bbox 131 3130 1099 3196; baseline -0.001 -15"><span class='ocrx_word' id='word_1_215' title='bbox 131 3131 283 3182; x_wconf 83' lang='lat' dir='ltr'><strong>Leonteus.</strong></span> <span class='ocrx_word' id='word_1_216' title='bbox 363 3131 421 3183; x_wconf 76' lang='lat'><strong>190,</strong></span> <span class='ocrx_word' id='word_1_217' title='bbox 458 3132 523 3182; x_wconf 84' lang='lat' dir='ltr'><strong>Ood.</strong></span> <span class='ocrx_word' id='word_1_218' title='bbox 542 3132 678 3185; x_wconf 86' lang='lat' dir='ltr'><strong>Polibete.</strong></span> <span class='ocrx_word' id='word_1_219' title='bbox 761 3135 818 3187; x_wconf 83' lang='lat'><strong>191.</strong></span> <span class='ocrx_word' id='word_1_220' title='bbox 848 3133 888 3182; x_wconf 89' lang='lat' dir='ltr'><strong>sic</strong></span> <span class='ocrx_word' id='word_1_221' title='bbox 913 3147 948 3181; x_wconf 84' lang='lat' dir='ltr'><strong>ex</strong></span> <span class='ocrx_word' id='word_1_222' title='bbox 964 3130 1031 3181; x_wconf 84' lang='lat' dir='ltr'><strong>Dar.</strong></span> <span class='ocrx_word' id='word_1_223' title='bbox 1050 3146 1099 3196; x_wconf 86' lang='lat' dir='ltr'><strong>pro</strong></span> 
     </span>
     <span class='ocr_line' id='line_1_36' title="bbox 132 3198 1099 3265; baseline -0.001 -17"><span class='ocrx_word' id='word_1_224' title='bbox 132 3198 234 3264; x_wconf 83' lang='lat' dir='ltr'><strong>Cypro.</strong></span> <span class='ocrx_word' id='word_1_225' title='bbox 304 3201 362 3252; x_wconf 80' lang='lat'><strong>192.</strong></span> <span class='ocrx_word' id='word_1_226' title='bbox 389 3215 485 3264; x_wconf 83' lang='lat' dir='ltr'><strong>mergo</strong></span> <span class='ocrx_word' id='word_1_227' title='bbox 507 3215 556 3264; x_wconf 89' lang='lat' dir='ltr'><strong>pro</strong></span> <span class='ocrx_word' id='word_1_228' title='bbox 578 3200 626 3250; x_wconf 90' lang='lat' dir='ltr'><strong>ille</strong></span> <span class='ocrx_word' id='word_1_229' title='bbox 645 3199 761 3265; x_wconf 81' lang='lat' dir='ltr'><strong>praebet</strong></span> <span class='ocrx_word' id='word_1_230' title='bbox 779 3204 854 3262; x_wconf 88' lang='lat' dir='ltr'><strong>octo,</strong></span> <span class='ocrx_word' id='word_1_231' title='bbox 878 3199 927 3249; x_wconf 85' lang='lat' dir='ltr'><strong>sed</strong></span> <span class='ocrx_word' id='word_1_232' title='bbox 945 3204 975 3250; x_wconf 89' lang='lat' dir='ltr'><strong>et</strong></span> <span class='ocrx_word' id='word_1_233' title='bbox 992 3201 1033 3249; x_wconf 90' lang='lat' dir='ltr'><strong>sie</strong></span> <span class='ocrx_word' id='word_1_234' title='bbox 1049 3214 1099 3248; x_wconf 88' lang='lat' dir='ltr'><strong>nu-</strong></span> 
     </span>
     <span class='ocr_line' id='line_1_37' title="bbox 130 3265 1098 3332; baseline 0.003 -18"><span class='ocrx_word' id='word_1_235' title='bbox 130 3280 226 3316; x_wconf 87' lang='lat' dir='ltr'><strong>merus</strong></span> <span class='ocrx_word' id='word_1_236' title='bbox 242 3268 366 3332; x_wconf 80' lang='lat' dir='ltr'><strong>nerium,</strong></span> <span class='ocrx_word' id='word_1_237' title='bbox 385 3267 480 3319; x_wconf 87' lang='lat' dir='ltr'><strong>decies</strong></span> <span class='ocrx_word' id='word_1_238' title='bbox 497 3273 573 3319; x_wconf 67' lang='lat' dir='ltr'><strong>octos</strong></span> <span class='ocrx_word' id='word_1_239' title='bbox 596 3267 766 3332; x_wconf 79' lang='lat' dir='ltr'><strong>discreparet</strong></span> <span class='ocrx_word' id='word_1_240' title='bbox 784 3283 801 3316; x_wconf 84' lang='lat' dir='ltr'><strong>n</strong></span> <span class='ocrx_word' id='word_1_241' title='bbox 818 3266 935 3327; x_wconf 84' lang='lat' dir='ltr'><strong>Darete,</strong></span> <span class='ocrx_word' id='word_1_242' title='bbox 961 3268 1008 3331; x_wconf 89' lang='lat' dir='ltr'><strong>qui</strong></span> <span class='ocrx_word' id='word_1_243' title='bbox 1024 3265 1098 3324; x_wconf 86' lang='lat' dir='ltr'><strong>XXI,</strong></span> 
     </span>
     <span class='ocr_line' id='line_1_38' title="bbox 131 3333 1098 3400; baseline 0 -18"><span class='ocrx_word' id='word_1_244' title='bbox 131 3339 163 3382; x_wconf 86' lang='lat' dir='ltr'><strong>et</strong></span> <span class='ocrx_word' id='word_1_245' title='bbox 180 3333 217 3384; x_wconf 81' lang='lat' dir='ltr'><strong>ab</strong></span> <span class='ocrx_word' id='word_1_246' title='bbox 234 3334 357 3385; x_wconf 85' lang='lat' dir='ltr'><strong>Homero</strong></span> <span class='ocrx_word' id='word_1_247' title='bbox 375 3339 405 3384; x_wconf 86' lang='lat' dir='ltr'><strong>et</strong></span> <span class='ocrx_word' id='word_1_248' title='bbox 421 3336 495 3385; x_wconf 87' lang='lat' dir='ltr'><strong>Dict.</strong></span> <span class='ocrx_word' id='word_1_249' title='bbox 512 3336 559 3400; x_wconf 87' lang='lat' dir='ltr'><strong>qni</strong></span> <span class='ocrx_word' id='word_1_250' title='bbox 570 3334 652 3386; x_wconf 86' lang='lat' dir='ltr'>XXII</span> <span class='ocrx_word' id='word_1_251' title='bbox 665 3339 819 3385; x_wconf 79' lang='lat' dir='ltr'><strong>numerent.</strong></span> <span class='ocrx_word' id='word_1_252' title='bbox 888 3336 947 3385; x_wconf 82' lang='lat'><strong>193.</strong></span> <span class='ocrx_word' id='word_1_253' title='bbox 966 3333 1037 3385; x_wconf 91' lang='lat' dir='ltr'><strong>Phil.</strong></span> <span class='ocrx_word' id='word_1_254' title='bbox 1049 3348 1098 3397; x_wconf 91' lang='lat' dir='ltr'><strong>pro</strong></span> 
     </span>
     <span class='ocr_line' id='line_1_39' title="bbox 129 3399 1099 3468; baseline -0.001 -19"><span class='ocrx_word' id='word_1_255' title='bbox 129 3399 290 3452; x_wconf 86' lang='lat' dir='ltr'><strong>Polieteres</strong></span> <span class='ocrx_word' id='word_1_256' title='bbox 308 3402 412 3453; x_wconf 90' lang='lat' dir='ltr'><strong>codicis</strong></span> <span class='ocrx_word' id='word_1_257' title='bbox 430 3403 585 3468; x_wconf 86' lang='lat' dir='ltr'><strong>posuimus;</strong></span> <span class='ocrx_word' id='word_1_258' title='bbox 604 3403 696 3453; x_wconf 79' lang='lat' dir='ltr'><strong>Dares</strong></span> <span class='ocrx_word' id='word_1_259' title='bbox 713 3402 768 3452; x_wconf 83' lang='lat' dir='ltr'><strong>alio</strong></span> <span class='ocrx_word' id='word_1_260' title='bbox 781 3401 842 3453; x_wconf 83' lang='lat' dir='ltr'><strong>loco</strong></span> <span class='ocrx_word' id='word_1_261' title='bbox 854 3402 946 3465; x_wconf 88' lang='lat' dir='ltr'><strong>posuit</strong></span> <span class='ocrx_word' id='word_1_262' title='bbox 958 3399 1099 3449; x_wconf 84' lang='lat' dir='ltr'><strong>Philocte·</strong></span> 
     </span>
     <span class='ocr_line' id='line_1_40' title="bbox 128 3469 434 3533; baseline 0 -14"><span class='ocrx_word' id='word_1_263' title='bbox 128 3474 195 3533; x_wconf 74' lang='lat' dir='ltr'><strong>tem,</strong></span> <span class='ocrx_word' id='word_1_264' title='bbox 214 3469 260 3519; x_wconf 91' lang='lat' dir='ltr'><strong>hic</strong></span> <span class='ocrx_word' id='word_1_265' title='bbox 276 3470 434 3521; x_wconf 81' lang='lat' dir='ltr'><strong>Prothoum.</strong></span> 
     </span>
    </p>
   </div>
   <div class='ocr_carea' id='block_1_4' title="bbox 0 0 1260 3917">
    <p class='ocr_par' dir='ltr' id='par_1_4' title="bbox 0 0 1260 3917">
     <span class='ocr_line' id='line_1_41' title="bbox 0 0 1260 3917; baseline 0 0"><span class='ocrx_word' id='word_1_266' title='bbox 0 0 1260 3917; x_wconf 95' lang='lat' dir='ltr'><strong> </strong></span> 
     </span>
    </p>
   </div>
  </div>
 </body>
</html>
