2509 3917
182 176 244 241 180
483 179 545 229 Lib.
565 180 611 231 rt
647 195 674 229 v.
692 183 836 236 391-412.

447 358 698 429 [EXPUGNATIO
718 361 875 430 nautam]

178 465 308 543 Tempus
331 474 402 534 erat,
427 483 485 543 quo
507 466 602 544 prima
626 466 710 544 quies
732 467 878 526 mortalia
892 468 1023 529 membra

220 547 319 609 luticit
342 558 371 609 et
393 549 550 610 cerebrum
573 551 688 626 gratior
710 549 782 611 hora
806 550 887 623 tinit;

178 631 305 694 Lumine
328 641 488 714 conspecto
510 642 673 713 properam
696 635 732 694 ad
755 635 900 710 Pergama
923 637 1026 697 Graeci

219 715 360 787 Quolibet
382 719 508 778 accincti
531 717 649 777 lortiter
672 736 743 778 ense
766 738 832 779 suo.

177 801 318 881 Inrupere
340 801 447 870 Thoas,
471 801 606 869 Adamas,
631 801 702 880 Aiax
727 811 756 862 et
777 803 902 882 Epimus

221 884 321 946 Paene
344 886 464 965 quidam
487 888 601 964 primos
623 886 687 965 ipse
710 887 852 947 Machaon
876 897 950 948 erat.

176 967 354 1039 Tessander,
379 970 548 1035 Sthenelus.
572 968 735 1039 Menelaus,
759 970 876 1037 Nestor,
901 971 1002 1033 Ulixes

218 1052 311 1113 lmmo
334 1052 451 1130 globata
472 1053 560 1114 simul
584 1053 692 1115 Dorica
715 1063 775 1114 tota
798 1054 935 1134 phalanx.

174 1137 320 1198 Invadunt
341 1138 448 1199 urbem
471 1156 575 1199 somno
597 1156 741 1217 meroque
764 1138 921 1216 sepultam,

217 1221 291 1283 llioo
314 1220 453 1301 dejicitur
476 1224 573 1283 omnis
595 1221 633 1281 ab
656 1239 726 1282 arce
747 1224 826 1301 vigil.

175 1306 260 1367 Tune
283 1306 411 1367 mediam
434 1309 495 1367 ruit
517 1308 546 1367 in
569 1305 676 1366 urbem
699 1325 860 1368 numerosa
879 1306 1028 1385 juventus,

218 1390 305 1453 Tunc
326 1390 456 1468 gladium
480 1392 578 1469 coepit
599 1392 698 1451 terrea
721 1392 801 1451 terre
824 1410 942 1452 manus.

175 1473 342 1553 Aggeribus
364 1477 463 1555 ruptis
486 1479 529 1535 sic
551 1493 693 1553 spumeus
716 1476 810 1535 elliuit
832 1479 928 1536 amnis

217 1559 256 1620 Et
278 1561 367 1621 nimis
390 1561 502 1619 insanis
521 1558 625 1637 jugera
649 1567 765 1637 pressat
787 1562 883 1636 aquis.

175 1643 360 1704 Teucrorum
385 1653 500 1704 mentes
521 1644 775 1720 inopinatissimus
796 1645 888 1704 intrat

217 1726 340 1795 horror,
364 1728 515 1789 inauditus
537 1730 670 1788 concutit
692 1745 758 1788 ossa
782 1738 905 1788 tremor.

174 1809 237 1871 Nec
261 1812 385 1879 mirum;
410 1821 492 1873 tauto
515 1810 686 1872 terebratur
707 1812 798 1889 Troja
822 1811 941 1887 fragore

216 1894 350 1972 Tamque
372 1913 491 1972 gravem
514 1897 655 1974 strepitus
677 1895 807 1956 reddidit
829 1894 879 1955 ille
901 1912 1017 1964 sonum,

176 1978 216 2039 Ut
238 1981 344 2039 credas
365 1997 469 2039 omnes
491 1982 617 2057 agitasse
641 1980 770 2039 tonitrua
794 1990 897 2040 remos

219 2060 267 2121 Vel
291 2065 385 2140 magis
407 2066 437 2123 iu
461 2067 589 2142 primum
613 2073 718 2123 cuncta
742 2065 839 2124 ruisse
860 2064 961 2124 cbaos.

176 2149 312 2208 Armatos
334 2156 430 2208 astare
452 2147 585 2226 Phryges
606 2150 638 2207 in
662 2146 773 2207 lumine
795 2149 894 2225 primo

151 2241 154 2245 '
218 2231 253 2290 Et
277 2231 499 2313 strictopostes
522 2249 592 2291 onse
615 2248 723 2290 sonare
746 2239 886 2290 tremunt.

241 2385 299 2435 391.
318 2384 360 2436 92.
379 2382 455 2445 Virg.
474 2382 540 2431 Aen.
559 2381 597 2443 ΙΙ,
616 2382 675 2431 268.
694 2383 735 2430 69.

260 2449 381 2515 Tempus
398 2454 468 2513 erut,
489 2464 541 2513 quo
560 2449 649 2512 prima
667 2448 745 2513 quies
762 2446 926 2498 mortalibus
945 2449 1038 2512 aegris

193 2577 197 2582 Ι
258 2517 368 2582 Incipit,
390 2521 419 2566 et
437 2517 507 2566 dono
525 2515 626 2565 Divum
645 2514 804 2580 gratissima
822 2515 917 2581 serpit.

173 2584 232 2632 395.
256 2598 362 2649 margo:
390 2584 502 2649 propria
526 2584 647 2636 nomina,
674 2608 707 2618 -
734 2582 860 2645 Epimum
887 2583 1043 2632 invenimus
1070 2579 1139 2645 apud

174 2648 322 2715 Virgilium
339 2651 390 2701 snb
409 2651 518 2700 nomine
537 2650 615 2713 Epei.
634 2649 709 2714 Virg-
728 2650 797 2698 Aen.
816 2648 853 2711 ΙΙ,
871 2650 931 2699 262.
948 2651 990 2700 63.
1010 2651 1052 2697 ct.
1217 2665 1218 2672 ¹

141 2739 152 2754 ν
460 2744 494 2752 -
510 2743 543 2753 -
562 2716 749 2781 Athamasque
768 2715 859 2765 Thoas
880 2732 914 2766 ue
1121 2727 1125 2734 ’

275 2784 442 2849 Pelidesque
459 2784 850 2849 Neoptolemusiprimusque
899 2782 1015 2846 acheon,

278 2851 314 2900 Et
331 2851 484 2913 Menelaus,
504 2858 532 2900 et
549 2851 611 2916 ipse
630 2850 686 2901 doli
703 2849 854 2900 fabricator
870 2851 962 2915 Epeos

175 2920 234 2968 397.
253 2917 414 2972 Tessander.
433 2919 511 2983 Virg.
528 2920 597 2971 Aen.
613 2918 651 2981 ΙΙ,
669 2919 718 2968 ast

269 2986 421 3037 Tisandrus
439 2985 640 3050 Sthenelusque
659 2983 753 3046 duces,
771 2988 800 3033 et
817 2983 897 3035 divus
915 2983 1041 3048 Ulysses.

174 3054 232 3103 399.
250 3052 329 3118 Virg.
347 3053 413 3105 Aen.
432 3055 470 3117 11,
489 3055 547 3103 265.
617 3054 676 3103 401.
694 3049 807 3101 Gualth.
825 3051 906 3101 Alex.
924 3050 947 3113 1,
965 3052 1024 3101 822.
1042 3053 1082 3101 23.

443 3147 474 3157 -
493 3146 540 3177 -,
559 3120 616 3169 ruit
634 3119 722 3170 omnis
740 3119 769 3167 in
787 3119 882 3169 urbem

377 3189 480 3248 Turba,
497 3188 572 3249 perit
590 3192 641 3237 etc.

172 3257 232 3307 tus.
252 3255 310 3305 cod.
331 3256 419 3304 annis.
437 3253 515 3314 Virg.
533 3253 602 3302 Aen.
620 3254 658 3317 ΙΙ,
676 3252 804 3315 ccesqq.

291 3320 353 3369 Non
371 3321 421 3381 sio,
440 3317 588 3381 aggeribus
608 3320 697 3381 ruptis
717 3332 777 3366 oum
796 3332 925 3379 spumeus
944 3320 1033 3369 amnis

292 3386 368 3444 Exit,
386 3384 583 3447 oppositasque
603 3385 686 3433 evicit
705 3386 813 3448 gurgite
831 3384 918 3435 moles

293 3450 390 3496 Fertur
410 3453 463 3497 ete.
728 3483 736 3491 ·
