2509 3917
187 193 230 258 38
427 196 492 246 Lib.
510 195 533 246 1.
570 212 597 249 v.
617 198 761 250 tce-801.
801 198 864 247 Lib.
882 198 918 249 11.
957 265 961 272 1

230 347 297 408 Non
319 345 405 408 labnr
427 355 551 409 excuset
572 349 627 408 ista
652 346 696 408 vel
720 347 798 409 ullus
820 348 926 409 honor.

187 429 332 492 Exsiliant
354 430 462 511 quibus
485 449 568 492 arura
590 432 680 493 sudes
702 440 732 492 et
754 433 832 494 Daca
856 432 1004 513 bipennis,
1112 443 1168 491 ten
1251 451 1252 458 ¹

231 515 413 593 Praecipites
435 518 564 585 veniant,
588 534 670 576 arma
692 516 837 596 cibosque
858 519 965 580 lerant.

188 599 294 659 Nostra
317 600 444 677 quiescit
467 602 498 660 in
520 598 578 659 hoc
599 603 736 671 intentio,
759 602 809 661 ilat
832 610 866 662 ut
886 600 955 662 inde
1227 618 1231 624 ·

229 683 345 744 Praedo
367 681 539 755 dolorosus,
563 684 642 746 unde
665 684 785 746 dolosus
808 694 880 746 erat.

187 765 326 828 Mandato
350 767 446 828 lacilis
469 768 600 829 Graecus
622 769 681 830 iam
704 768 812 832 militat
834 771 941 838 onrnis,

228 850 436 931 lnproperant,
460 855 574 915 cunctis
595 854 634 912 sit
656 855 725 932 quin
748 855 824 914 cilre
846 854 949 932 pigris.
1111 863 1163 911 795

187 935 266 997 Stiva
289 934 391 996 relicta
414 934 500 998 rubis
521 939 661 1015 queritur
682 955 802 999 cessare
823 938 948 1016 ligones,

228 1020 391 1081 Radicosus
412 1023 477 1096 agri
499 1021 610 1083 deserit
632 1037 714 1082 arma
736 1023 825 1083 cicer.

186 1103 337 1165 conflatur
360 1102 475 1182 gladius
498 1123 534 1166 ex
556 1123 686 1173 vomere,
709 1106 812 1167 lancea
834 1106 927 1168 salsae

173 1201 181 1208 ·
229 1188 362 1249 neservu
384 1187 485 1265 galeae
507 1191 591 1250 lurca
614 1189 721 1251 tenella
744 1198 856 1270 strepe.

186 1270 263 1344 Quid
285 1272 401 1333 moror!
445 1271 478 1333 lu
501 1270 612 1334 bellurn
636 1275 731 1335 currit
752 1292 820 1335 curn
844 1274 937 1335 milite
959 1272 1074 1352 vulgus,
1106 1283 1162 1331 800

228 1354 282 1416 Vix
304 1364 438 1418 remanet
462 1375 566 1418 serere
588 1360 640 1437 qui
663 1357 727 1419 lere
748 1361 843 1437 possit
863 1358 937 1419 olus
1252 1359 1253 1364 ’

499 1542 612 1603 trunti
634 1542 838 1607 SECUNDUS.

325 1688 515 1743 INCIPIUNT
534 1688 714 1744 CAPITULA
731 1688 888 1744 SECUNDI
905 1677 1010 1743 LIBRI,

186 1805 317 1886 Scriptat
338 1811 394 1869 iste
421 1810 512 1869 duces
535 1817 565 1870 et
586 1828 677 1870 naves
699 1813 790 1872 mittit
811 1809 950 1880 Athenas,

184 1892 226 1954 lle
249 1910 319 1952 casu
341 1891 448 1972 Trojae
475 1893 597 1954 Graecis
619 1898 782 1973 respondet
802 1894 918 1974 Apollo.

183 1977 208 2037 Α
230 1975 388 2038 Calchante
411 1986 492 2038 rates
515 1973 683 2039 retinentur
705 1981 735 2039 iu
758 1978 872 2041 Aulide.
916 1978 963 2039 Fit
984 1997 1036 2039 rex

184 2058 218 2119 ln
241 2060 331 2138 Mysia
355 2059 513 2141 Telephus,
536 2061 738 2142 Helenamque
760 2066 893 2142 reposcit
915 2063 1022 2124 Ulixes.
1121 2136 1128 2141 .

183 2142 341 2204 velificant
362 2144 463 2222 Danai,
488 2145 652 2207 defendunt
673 2147 774 2208 littora
797 2149 917 2209 Teucri.
994 2199 997 2206 ,
1140 2158 1157 2204 5

185 2227 350 2290 Protesilae
372 2225 479 2290 cadisl
514 2230 647 2308 Surgunt
669 2233 797 2293 tentoria
819 2250 917 2292 mane.

183 2313 283 2373 Altera
306 2329 404 2393 pugna
427 2315 514 2382 lurit3
537 2314 707 2377 Patroclum
731 2316 818 2376 tertia
842 2318 958 2378 sternii.

183 2395 274 2458 Fiunt
295 2400 413 2475 cognati
436 2408 601 2478 pugnantes
622 2400 733 2460 Hector
756 2408 785 2461 et
806 2399 888 2478 ejas.
1071 2463 1080 2478 ,

184 2481 244 2542 Pax
268 2484 353 2543 aunis
377 2481 462 2542 binis.
509 2482 669 2561 Sceptrum
692 2485 735 2543 vir
757 2483 902 2565 Nauplius
924 2485 1026 2546 ambit.

188 2564 315 2626 Saucius
337 2584 353 2626 a
376 2566 484 2626 Paride
506 2567 658 2627 Menelaus
681 2576 777 2629 castra
799 2569 955 2643 subintrat.
1122 2581 1156 2630 10

184 2717 386 2727 -—-—.--—-.

251 2801 310 2853 790.
327 2798 422 2850 Guelt.
441 2799 520 2851 Alex.
539 2801 561 2862 1,
580 2803 631 2853 256

97 2911 100 2914 Α
285 2867 427 2918 instauret
445 2868 545 2931 quibus
562 2883 638 2918 erme
656 2868 736 2919 sudes
755 2873 784 2919 et
800 2870 877 2921 Dece
894 2872 1030 2936 bipennis.

183 2934 241 2986 792.
261 2949 275 2983 e
293 2935 419 2999 margine
438 2935 580 3000 prounde.
634 2939 691 2988 796.
705 2939 746 2987 97.
765 2936 875 2987 Gualth.
888 2938 968 2990 Alex.
983 2940 1033 3004 ΙΙΙ,
1047 2941 1106 2991 417.
1121 2943 1154 2992 18
1252 2925 1254 2998 l

335 3027 368 3037 -
386 3028 419 3038 -—
436 3029 470 3038 -
488 3004 615 3067 queritur
633 3019 744 3054 cessare
763 3003 872 3068 ligones

335 3068 488 3120 Redieosus
508 3086 575 3135 eger
593 3077 621 3120 et
640 3071 765 3121 sentibus
784 3069 875 3122 obsite
891 3072 983 3127 tellus.

184 3135 242 3185 798.
263 3153 277 3185 e
296 3136 419 3200 rnnrginn
438 3152 487 3202 pro
505 3137 565 3191 cod.
591 3143 681 3203 stupe.
751 3140 895 3191 tet-801.
919 3141 1043 3193 lmitntic
1067 3139 1154 3197 ovio.

182 3202 259 3252 Fast.
277 3203 301 3267 I,
320 3206 369 3254 697
388 3218 443 3269 ssq.

334 3298 368 3306 -
386 3297 419 3307 -
436 3296 470 3307 ·-
489 3277 550 3323 eret
568 3272 661 3336 optior
680 3274 755 3323 ensis

249 3337 379 3389 Vomere:
399 3339 521 3398 cedebat,
533 3343 628 3389 tnurns
647 3343 739 3390 nretor
758 3355 837 3405 equo.

217 3404 333 3457 Sereuln
351 3406 510 3458 cessabant:
528 3406 658 3471 versique
674 3407 704 3456 in
720 3405 779 3470 pilu
797 3407 905 3471 ligones

251 3474 392 3538 Factaque
409 3472 444 3523 de
462 3476 546 3524 rastri
563 3473 684 3540 pondere
702 3476 793 3526 cessis
811 3480 881 3529 eret.
