<?xml version="1.0" encoding="UTF-8"?>
<!DOCTYPE html PUBLIC "-//W3C//DTD XHTML 1.0 Transitional//EN"
    "http://www.w3.org/TR/xhtml1/DTD/xhtml1-transitional.dtd">
<html xmlns="http://www.w3.org/1999/xhtml" xml:lang="en" lang="en">
 <head>
  <title>
</title>
<meta http-equiv="Content-Type" content="text/html;charset=utf-8" />
  <meta name='ocr-system' content='tesseract 3.04.00' />
  <meta name='ocr-capabilities' content='ocr_page ocr_carea ocr_par ocr_line ocrx_word'/>
</head>
<body>
  <div class='ocr_page' id='page_1' title='image "./troilus00albegoog_0255.png"; bbox 0 0 2509 3917; ppageno 0'>
   <div class='ocr_carea' id='block_1_1' title="bbox 1057 225 1119 290">
    <p class='ocr_par' dir='ltr' id='par_1_1' title="bbox 1057 225 1119 290">
     <span class='ocr_line' id='line_1_1' title="bbox 1057 225 1119 290; baseline 0 -1"><span class='ocrx_word' id='word_1_1' title='bbox 1057 225 1119 290; x_wconf 77' lang='lat'><strong>201</strong></span> 
     </span>
    </p>
   </div>
   <div class='ocr_carea' id='block_1_2' title="bbox 156 378 1169 3412">
    <p class='ocr_par' dir='ltr' id='par_1_2' title="bbox 156 378 1169 3412">
     <span class='ocr_line' id='line_1_2' title="bbox 157 378 981 460; baseline 0 -20"><span class='ocrx_word' id='word_1_2' title='bbox 157 381 249 444; x_wconf 81' lang='lat' dir='ltr'>Vince</span> <span class='ocrx_word' id='word_1_3' title='bbox 271 379 354 457; x_wconf 87' lang='lat' dir='ltr'><strong>prius</strong></span> <span class='ocrx_word' id='word_1_4' title='bbox 376 378 532 448; x_wconf 80' lang='lat' dir='ltr'>Venerem,</span> <span class='ocrx_word' id='word_1_5' title='bbox 556 380 648 441; x_wconf 85' lang='lat' dir='ltr'><strong>siris</strong></span> <span class='ocrx_word' id='word_1_6' title='bbox 671 398 762 460; x_wconf 81' lang='lat' dir='ltr'>eques</span> <span class='ocrx_word' id='word_1_7' title='bbox 784 398 849 441; x_wconf 90' lang='lat' dir='ltr'><strong>esse</strong></span> <span class='ocrx_word' id='word_1_8' title='bbox 873 381 981 442; x_wconf 87' lang='lat' dir='ltr'><strong>virilis:</strong></span> 
     </span>
     <span class='ocr_line' id='line_1_3' title="bbox 201 464 848 543; baseline 0.002 -19"><span class='ocrx_word' id='word_1_9' title='bbox 201 464 299 524; x_wconf 73' lang='lat' dir='ltr'><strong>Armis</strong></span> <span class='ocrx_word' id='word_1_10' title='bbox 321 470 352 523; x_wconf 92' lang='lat' dir='ltr'><strong>et</strong></span> <span class='ocrx_word' id='word_1_11' title='bbox 373 464 481 525; x_wconf 83' lang='lat' dir='ltr'><strong>Veneri</strong></span> <span class='ocrx_word' id='word_1_12' title='bbox 504 483 593 525; x_wconf 83' lang='lat' dir='ltr'><strong>neme</strong></span> <span class='ocrx_word' id='word_1_13' title='bbox 615 481 720 525; x_wconf 83' lang='lat' dir='ltr'><strong>vacare</strong></span> <span class='ocrx_word' id='word_1_14' title='bbox 742 471 848 543; x_wconf 86' lang='lat' dir='ltr'><strong>potest.</strong></span> 
     </span>
     <span class='ocr_line' id='line_1_4' title="bbox 158 547 1169 629; baseline 0.007 -20"><span class='ocrx_word' id='word_1_15' title='bbox 158 547 220 609; x_wconf 86' lang='lat' dir='ltr'><strong>Nec</strong></span> <span class='ocrx_word' id='word_1_16' title='bbox 241 547 320 617; x_wconf 77' lang='lat' dir='ltr'><strong>laus,</strong></span> <span class='ocrx_word' id='word_1_17' title='bbox 339 564 396 607; x_wconf 83' lang='lat' dir='ltr'><strong>nee</strong></span> <span class='ocrx_word' id='word_1_18' title='bbox 417 548 562 628; x_wconf 85' lang='lat' dir='ltr'><strong>probitas,</strong></span> <span class='ocrx_word' id='word_1_19' title='bbox 586 566 641 610; x_wconf 84' lang='lat' dir='ltr'><strong>nec</strong></span> <span class='ocrx_word' id='word_1_20' title='bbox 665 548 762 609; x_wconf 87' lang='lat' dir='ltr'><strong>honor</strong></span> <span class='ocrx_word' id='word_1_21' title='bbox 783 567 927 626; x_wconf 87' lang='lat' dir='ltr'><strong>superare</strong></span> <span class='ocrx_word' id='word_1_22' title='bbox 950 548 1093 629; x_wconf 73' lang='lat' dir='ltr'><strong>puellamt</strong></span> <span class='ocrx_word' id='word_1_23' title='bbox 1162 586 1169 600; x_wconf 91' lang='lat'><strong>·</strong></span> 
     </span>
     <span class='ocr_line' id='line_1_5' title="bbox 198 631 1128 714; baseline 0 -22"><span class='ocrx_word' id='word_1_24' title='bbox 198 631 258 693; x_wconf 86' lang='lat' dir='ltr'><strong>Sed</strong></span> <span class='ocrx_word' id='word_1_25' title='bbox 283 631 405 694; x_wconf 87' lang='lat' dir='ltr'><strong>Veneris</strong></span> <span class='ocrx_word' id='word_1_26' title='bbox 427 634 530 693; x_wconf 88' lang='lat' dir='ltr'><strong>vitium</strong></span> <span class='ocrx_word' id='word_1_27' title='bbox 554 635 672 694; x_wconf 87' lang='lat' dir='ltr'><strong>vincere</strong></span> <span class='ocrx_word' id='word_1_28' title='bbox 694 632 791 694; x_wconf 90' lang='lat' dir='ltr'><strong>laudis</strong></span> <span class='ocrx_word' id='word_1_29' title='bbox 813 651 898 714; x_wconf 85' lang='lat' dir='ltr'><strong>opus.</strong></span> <span class='ocrx_word' id='word_1_30' title='bbox 1088 643 1128 692; x_wconf 78' lang='lat'><strong>70.</strong></span> 
     </span>
     <span class='ocr_line' id='line_1_6' title="bbox 156 715 980 779; baseline -0.002 -2"><span class='ocrx_word' id='word_1_31' title='bbox 156 715 224 778; x_wconf 89' lang='lat' dir='ltr'><strong>Noli</strong></span> <span class='ocrx_word' id='word_1_32' title='bbox 246 734 325 777; x_wconf 87' lang='lat' dir='ltr'><strong>nune</strong></span> <span class='ocrx_word' id='word_1_33' title='bbox 347 718 458 778; x_wconf 77' lang='lat' dir='ltr'><strong>frustra</strong></span> <span class='ocrx_word' id='word_1_34' title='bbox 482 718 606 778; x_wconf 86' lang='lat' dir='ltr'><strong>Veneris</strong></span> <span class='ocrx_word' id='word_1_35' title='bbox 628 716 679 776; x_wconf 90' lang='lat' dir='ltr'><strong>sed</strong></span> <span class='ocrx_word' id='word_1_36' title='bbox 703 725 799 779; x_wconf 85' lang='lat' dir='ltr'><strong>castra</strong></span> <span class='ocrx_word' id='word_1_37' title='bbox 821 717 980 779; x_wconf 82' lang='lat' dir='ltr'><strong>Minervae.</strong></span> 
     </span>
     <span class='ocr_line' id='line_1_7' title="bbox 199 800 965 881; baseline -0.001 -19"><span class='ocrx_word' id='word_1_38' title='bbox 199 801 280 862; x_wconf 80' lang='lat' dir='ltr'><strong>llaec</strong></span> <span class='ocrx_word' id='word_1_39' title='bbox 302 800 388 861; x_wconf 86' lang='lat' dir='ltr'><strong>docet</strong></span> <span class='ocrx_word' id='word_1_40' title='bbox 409 801 458 863; x_wconf 91' lang='lat' dir='ltr'><strong>illa</strong></span> <span class='ocrx_word' id='word_1_41' title='bbox 481 800 567 871; x_wconf 80' lang='lat' dir='ltr'><strong>lurit3</strong></span> <span class='ocrx_word' id='word_1_42' title='bbox 591 803 664 862; x_wconf 85' lang='lat' dir='ltr'><strong>haee</strong></span> <span class='ocrx_word' id='word_1_43' title='bbox 684 800 774 881; x_wconf 84' lang='lat' dir='ltr'><strong>juvat,</strong></span> <span class='ocrx_word' id='word_1_44' title='bbox 797 801 846 863; x_wconf 90' lang='lat' dir='ltr'><strong>illa</strong></span> <span class='ocrx_word' id='word_1_45' title='bbox 869 809 965 863; x_wconf 85' lang='lat' dir='ltr'><strong>uocet.</strong></span> 
     </span>
     <span class='ocr_line' id='line_1_8' title="bbox 157 885 967 965; baseline -0.001 -18"><span class='ocrx_word' id='word_1_46' title='bbox 157 887 222 947; x_wconf 87' lang='lat' dir='ltr'><strong>Jam</strong></span> <span class='ocrx_word' id='word_1_47' title='bbox 243 886 388 965; x_wconf 85' lang='lat' dir='ltr'><strong>resipisce</strong></span> <span class='ocrx_word' id='word_1_48' title='bbox 409 885 490 962; x_wconf 80' lang='lat' dir='ltr'><strong>Pari,</strong></span> <span class='ocrx_word' id='word_1_49' title='bbox 514 904 660 965; x_wconf 89' lang='lat' dir='ltr'><strong>navesque</strong></span> <span class='ocrx_word' id='word_1_50' title='bbox 682 886 820 965; x_wconf 83' lang='lat' dir='ltr'><strong>relinque</strong></span> <span class='ocrx_word' id='word_1_51' title='bbox 843 893 967 963; x_wconf 86' lang='lat' dir='ltr'><strong>paratas,</strong></span> 
     </span>
     <span class='ocr_line' id='line_1_9' title="bbox 199 968 811 1050; baseline 0 -20"><span class='ocrx_word' id='word_1_52' title='bbox 199 968 328 1031; x_wconf 86' lang='lat' dir='ltr'><strong>Consilio</strong></span> <span class='ocrx_word' id='word_1_53' title='bbox 350 987 460 1047; x_wconf 85' lang='lat' dir='ltr'><strong>parens</strong></span> <span class='ocrx_word' id='word_1_54' title='bbox 479 970 541 1049; x_wconf 81' lang='lat' dir='ltr'><strong>jam</strong></span> <span class='ocrx_word' id='word_1_55' title='bbox 563 973 707 1050; x_wconf 85' lang='lat' dir='ltr'><strong>resipisce</strong></span> <span class='ocrx_word' id='word_1_56' title='bbox 729 970 811 1031; x_wconf 89' lang='lat' dir='ltr'><strong>Pari!</strong></span> 
     </span>
     <span class='ocr_line' id='line_1_10' title="bbox 159 1054 1122 1123; baseline -0.003 -7"><span class='ocrx_word' id='word_1_57' title='bbox 159 1054 232 1116; x_wconf 84' lang='lat' dir='ltr'><strong>Cum</strong></span> <span class='ocrx_word' id='word_1_58' title='bbox 256 1056 295 1114; x_wconf 88' lang='lat' dir='ltr'><strong>sit</strong></span> <span class='ocrx_word' id='word_1_59' title='bbox 316 1072 400 1115; x_wconf 88' lang='lat' dir='ltr'><strong>amor</strong></span> <span class='ocrx_word' id='word_1_60' title='bbox 423 1056 538 1123; x_wconf 77' lang='lat' dir='ltr'><strong>vetitus,</strong></span> <span class='ocrx_word' id='word_1_61' title='bbox 562 1057 645 1116; x_wconf 83' lang='lat' dir='ltr'><strong>vetiti</strong></span> <span class='ocrx_word' id='word_1_62' title='bbox 666 1055 762 1115; x_wconf 88' lang='lat' dir='ltr'><strong>malus</strong></span> <span class='ocrx_word' id='word_1_63' title='bbox 784 1063 868 1115; x_wconf 88' lang='lat' dir='ltr'><strong>actus</strong></span> <span class='ocrx_word' id='word_1_64' title='bbox 890 1055 1010 1116; x_wconf 87' lang='lat' dir='ltr'><strong>amoris.</strong></span> <span class='ocrx_word' id='word_1_65' title='bbox 1090 1065 1122 1113; x_wconf 88' lang='lat' dir='ltr'><strong>t5</strong></span> 
     </span>
     <span class='ocr_line' id='line_1_11' title="bbox 201 1136 932 1217; baseline 0.004 -20"><span class='ocrx_word' id='word_1_66' title='bbox 201 1137 233 1198; x_wconf 89' lang='lat' dir='ltr'><strong>Si</strong></span> <span class='ocrx_word' id='word_1_67' title='bbox 256 1136 351 1199; x_wconf 89' lang='lat' dir='ltr'><strong>malus</strong></span> <span class='ocrx_word' id='word_1_68' title='bbox 374 1155 444 1216; x_wconf 82' lang='lat' dir='ltr'><strong>ergo</strong></span> <span class='ocrx_word' id='word_1_69' title='bbox 467 1148 569 1208; x_wconf 85' lang='lat' dir='ltr'><strong>nneet;</strong></span> <span class='ocrx_word' id='word_1_70' title='bbox 592 1140 617 1199; x_wconf 88' lang='lat' dir='ltr'><strong>si</strong></span> <span class='ocrx_word' id='word_1_71' title='bbox 640 1148 735 1208; x_wconf 81' lang='lat' dir='ltr'><strong>notet,</strong></span> <span class='ocrx_word' id='word_1_72' title='bbox 760 1157 831 1217; x_wconf 84' lang='lat' dir='ltr'><strong>ergo</strong></span> <span class='ocrx_word' id='word_1_73' title='bbox 854 1138 932 1217; x_wconf 81' lang='lat' dir='ltr'><strong>iuge.</strong></span> 
     </span>
     <span class='ocr_line' id='line_1_12' title="bbox 159 1221 1014 1303; baseline 0 -19"><span class='ocrx_word' id='word_1_74' title='bbox 159 1221 248 1301; x_wconf 84' lang='lat' dir='ltr'><strong>Cujus</strong></span> <span class='ocrx_word' id='word_1_75' title='bbox 270 1230 372 1302; x_wconf 86' lang='lat' dir='ltr'><strong>coepta</strong></span> <span class='ocrx_word' id='word_1_76' title='bbox 396 1223 501 1290; x_wconf 87' lang='lat' dir='ltr'><strong>scelus,</strong></span> <span class='ocrx_word' id='word_1_77' title='bbox 525 1223 658 1285; x_wconf 80' lang='lat' dir='ltr'><strong>madlum</strong></span> <span class='ocrx_word' id='word_1_78' title='bbox 682 1225 780 1294; x_wconf 86' lang='lat' dir='ltr'><strong>timor,</strong></span> <span class='ocrx_word' id='word_1_79' title='bbox 803 1224 900 1284; x_wconf 84' lang='lat' dir='ltr'><strong>exitus</strong></span> <span class='ocrx_word' id='word_1_80' title='bbox 922 1225 1014 1303; x_wconf 80' lang='lat' dir='ltr'><strong>ignis:</strong></span> 
     </span>
     <span class='ocr_line' id='line_1_13' title="bbox 200 1306 904 1388; baseline 0.003 -22"><span class='ocrx_word' id='word_1_81' title='bbox 200 1306 245 1366; x_wconf 82' lang='lat' dir='ltr'><strong>Tu</strong></span> <span class='ocrx_word' id='word_1_82' title='bbox 267 1307 348 1384; x_wconf 79' lang='lat' dir='ltr'><strong>iuge,</strong></span> <span class='ocrx_word' id='word_1_83' title='bbox 370 1314 402 1367; x_wconf 91' lang='lat' dir='ltr'><strong>tu</strong></span> <span class='ocrx_word' id='word_1_84' title='bbox 425 1306 561 1388; x_wconf 83' lang='lat' dir='ltr'><strong>reproba,</strong></span> <span class='ocrx_word' id='word_1_85' title='bbox 584 1317 616 1368; x_wconf 92' lang='lat' dir='ltr'><strong>tu</strong></span> <span class='ocrx_word' id='word_1_86' title='bbox 639 1309 800 1369; x_wconf 85' lang='lat' dir='ltr'><strong>metuendo</strong></span> <span class='ocrx_word' id='word_1_87' title='bbox 824 1326 904 1368; x_wconf 87' lang='lat' dir='ltr'><strong>cave.</strong></span> 
     </span>
     <span class='ocr_line' id='line_1_14' title="bbox 161 1391 919 1472; baseline 0 -20"><span class='ocrx_word' id='word_1_88' title='bbox 161 1391 219 1452; x_wconf 89' lang='lat' dir='ltr'><strong>Sed</strong></span> <span class='ocrx_word' id='word_1_89' title='bbox 242 1400 385 1471; x_wconf 82' lang='lat' dir='ltr'><strong>concepta</strong></span> <span class='ocrx_word' id='word_1_90' title='bbox 409 1394 514 1472; x_wconf 85' lang='lat' dir='ltr'>nequis</span> <span class='ocrx_word' id='word_1_91' title='bbox 538 1395 629 1454; x_wconf 87' lang='lat' dir='ltr'><strong>vitare</strong></span> <span class='ocrx_word' id='word_1_92' title='bbox 653 1392 793 1470; x_wconf 83' lang='lat' dir='ltr'><strong>cupidine</strong></span> <span class='ocrx_word' id='word_1_93' title='bbox 816 1394 919 1461; x_wconf 85' lang='lat' dir='ltr'><strong>victus,</strong></span> 
     </span>
     <span class='ocr_line' id='line_1_15' title="bbox 202 1475 1123 1557; baseline -0.001 -20"><span class='ocrx_word' id='word_1_94' title='bbox 202 1475 267 1547; x_wconf 85' lang='lat' dir='ltr'><strong>Quo</strong></span> <span class='ocrx_word' id='word_1_95' title='bbox 288 1476 486 1557; x_wconf 86' lang='lat' dir='ltr'><strong>quodcunque</strong></span> <span class='ocrx_word' id='word_1_96' title='bbox 508 1494 596 1555; x_wconf 87' lang='lat' dir='ltr'><strong>paras</strong></span> <span class='ocrx_word' id='word_1_97' title='bbox 618 1485 704 1556; x_wconf 89' lang='lat' dir='ltr'><strong>peste</strong></span> <span class='ocrx_word' id='word_1_98' title='bbox 726 1493 833 1556; x_wconf 88' lang='lat' dir='ltr'><strong>parare</strong></span> <span class='ocrx_word' id='word_1_99' title='bbox 855 1494 967 1556; x_wconf 88' lang='lat' dir='ltr'><strong>parem.</strong></span> <span class='ocrx_word' id='word_1_100' title='bbox 1089 1487 1123 1536; x_wconf 86' lang='lat'><strong>80</strong></span> 
     </span>
     <span class='ocr_line' id='line_1_16' title="bbox 160 1559 1026 1640; baseline 0.001 -20"><span class='ocrx_word' id='word_1_101' title='bbox 160 1560 203 1621; x_wconf 84' lang='lat' dir='ltr'><strong>&#39;le</strong></span> <span class='ocrx_word' id='word_1_102' title='bbox 227 1567 276 1620; x_wconf 89' lang='lat' dir='ltr'><strong>tua</strong></span> <span class='ocrx_word' id='word_1_103' title='bbox 298 1561 357 1620; x_wconf 89' lang='lat' dir='ltr'><strong>iata</strong></span> <span class='ocrx_word' id='word_1_104' title='bbox 380 1560 512 1631; x_wconf 87' lang='lat' dir='ltr'><strong>trahunt,</strong></span> <span class='ocrx_word' id='word_1_105' title='bbox 535 1579 572 1622; x_wconf 88' lang='lat' dir='ltr'><strong>ue</strong></span> <span class='ocrx_word' id='word_1_106' title='bbox 595 1570 699 1639; x_wconf 85' lang='lat' dir='ltr'><strong>coepta</strong></span> <span class='ocrx_word' id='word_1_107' title='bbox 721 1559 892 1640; x_wconf 79' lang='lat' dir='ltr'><strong>relinquere</strong></span> <span class='ocrx_word' id='word_1_108' title='bbox 915 1562 1026 1640; x_wconf 89' lang='lat' dir='ltr'><strong>possis:</strong></span> 
     </span>
     <span class='ocr_line' id='line_1_17' title="bbox 206 1642 884 1724; baseline 0.001 -19"><span class='ocrx_word' id='word_1_109' title='bbox 206 1644 243 1705; x_wconf 91' lang='lat' dir='ltr'><strong>Ut</strong></span> <span class='ocrx_word' id='word_1_110' title='bbox 264 1645 362 1724; x_wconf 89' lang='lat' dir='ltr'><strong>rapias</strong></span> <span class='ocrx_word' id='word_1_111' title='bbox 382 1642 526 1706; x_wconf 82' lang='lat' dir='ltr'><strong>Helenam</strong></span> <span class='ocrx_word' id='word_1_112' title='bbox 549 1654 578 1706; x_wconf 87' lang='lat' dir='ltr'><strong>te</strong></span> <span class='ocrx_word' id='word_1_113' title='bbox 602 1653 650 1707; x_wconf 90' lang='lat' dir='ltr'><strong>tua</strong></span> <span class='ocrx_word' id='word_1_114' title='bbox 673 1646 732 1707; x_wconf 88' lang='lat' dir='ltr'><strong>lata</strong></span> <span class='ocrx_word' id='word_1_115' title='bbox 754 1645 884 1706; x_wconf 89' lang='lat' dir='ltr'><strong>trahunt.</strong></span> 
     </span>
     <span class='ocr_line' id='line_1_18' title="bbox 161 1730 995 1807; baseline -0.001 -17"><span class='ocrx_word' id='word_1_116' title='bbox 161 1730 210 1790; x_wconf 85' lang='lat' dir='ltr'><strong>Sic</strong></span> <span class='ocrx_word' id='word_1_117' title='bbox 233 1738 277 1790; x_wconf 90' lang='lat' dir='ltr'><strong>est</strong></span> <span class='ocrx_word' id='word_1_118' title='bbox 299 1730 396 1790; x_wconf 89' lang='lat' dir='ltr'><strong>omnis</strong></span> <span class='ocrx_word' id='word_1_119' title='bbox 418 1747 528 1798; x_wconf 87' lang='lat' dir='ltr'><strong>amaus,</strong></span> <span class='ocrx_word' id='word_1_120' title='bbox 552 1732 594 1790; x_wconf 89' lang='lat' dir='ltr'><strong>sic</strong></span> <span class='ocrx_word' id='word_1_121' title='bbox 617 1748 659 1798; x_wconf 85' lang='lat' dir='ltr'><strong>se,</strong></span> <span class='ocrx_word' id='word_1_122' title='bbox 682 1731 725 1791; x_wconf 86' lang='lat' dir='ltr'><strong>sic</strong></span> <span class='ocrx_word' id='word_1_123' title='bbox 747 1731 846 1790; x_wconf 86' lang='lat' dir='ltr'><strong>omnia</strong></span> <span class='ocrx_word' id='word_1_124' title='bbox 869 1731 995 1807; x_wconf 82' lang='lat' dir='ltr'><strong>spernit:</strong></span> 
     </span>
     <span class='ocr_line' id='line_1_19' title="bbox 204 1813 883 1893; baseline 0 -18"><span class='ocrx_word' id='word_1_125' title='bbox 204 1814 376 1883; x_wconf 86' lang='lat' dir='ltr'><strong>Consilium,</strong></span> <span class='ocrx_word' id='word_1_126' title='bbox 400 1813 519 1883; x_wconf 83' lang='lat' dir='ltr'><strong>lamam,</strong></span> <span class='ocrx_word' id='word_1_127' title='bbox 544 1814 676 1884; x_wconf 83' lang='lat' dir='ltr'><strong>t&#39;oedera,</strong></span> <span class='ocrx_word' id='word_1_128' title='bbox 699 1813 775 1893; x_wconf 81' lang='lat' dir='ltr'><strong>jura.</strong></span> <span class='ocrx_word' id='word_1_129' title='bbox 800 1815 883 1875; x_wconf 85' lang='lat' dir='ltr'><strong>deos.</strong></span> 
     </span>
     <span class='ocr_line' id='line_1_20' title="bbox 160 1898 1124 1979; baseline -0.002 -20"><span class='ocrx_word' id='word_1_130' title='bbox 160 1898 217 1959; x_wconf 87' lang='lat' dir='ltr'><strong>Hie</strong></span> <span class='ocrx_word' id='word_1_131' title='bbox 240 1916 322 1959; x_wconf 89' lang='lat' dir='ltr'><strong>amor</strong></span> <span class='ocrx_word' id='word_1_132' title='bbox 346 1905 378 1958; x_wconf 93' lang='lat' dir='ltr'><strong>ut</strong></span> <span class='ocrx_word' id='word_1_133' title='bbox 401 1916 553 1979; x_wconf 87' lang='lat' dir='ltr'><strong>praeceps,</strong></span> <span class='ocrx_word' id='word_1_134' title='bbox 577 1910 609 1960; x_wconf 90' lang='lat' dir='ltr'><strong>ut</strong></span> <span class='ocrx_word' id='word_1_135' title='bbox 631 1918 749 1969; x_wconf 81' lang='lat' dir='ltr'><strong>coecus,</strong></span> <span class='ocrx_word' id='word_1_136' title='bbox 773 1907 806 1960; x_wconf 92' lang='lat' dir='ltr'><strong>ut</strong></span> <span class='ocrx_word' id='word_1_137' title='bbox 827 1901 1020 1978; x_wconf 84' lang='lat' dir='ltr'><strong>impetuosus,</strong></span> <span class='ocrx_word' id='word_1_138' title='bbox 1091 1909 1124 1958; x_wconf 86' lang='lat'><strong>85</strong></span> 
     </span>
     <span class='ocr_line' id='line_1_21' title="bbox 206 1982 927 2053; baseline -0.003 -9"><span class='ocrx_word' id='word_1_139' title='bbox 206 1982 246 2044; x_wconf 89' lang='lat' dir='ltr'><strong>Ut</strong></span> <span class='ocrx_word' id='word_1_140' title='bbox 266 1983 381 2043; x_wconf 89' lang='lat' dir='ltr'><strong>ratione</strong></span> <span class='ocrx_word' id='word_1_141' title='bbox 404 2001 520 2053; x_wconf 87' lang='lat' dir='ltr'><strong>carens,</strong></span> <span class='ocrx_word' id='word_1_142' title='bbox 544 1984 640 2044; x_wconf 84' lang='lat' dir='ltr'><strong>nescit</strong></span> <span class='ocrx_word' id='word_1_143' title='bbox 661 1983 773 2044; x_wconf 86' lang='lat' dir='ltr'><strong>habere</strong></span> <span class='ocrx_word' id='word_1_144' title='bbox 795 1983 927 2044; x_wconf 90' lang='lat' dir='ltr'><strong>modum.</strong></span> 
     </span>
     <span class='ocr_line' id='line_1_22' title="bbox 162 2066 925 2147; baseline 0.003 -22"><span class='ocrx_word' id='word_1_145' title='bbox 162 2066 219 2127; x_wconf 86' lang='lat' dir='ltr'><strong>llic</strong></span> <span class='ocrx_word' id='word_1_146' title='bbox 242 2084 326 2126; x_wconf 91' lang='lat' dir='ltr'><strong>amor</strong></span> <span class='ocrx_word' id='word_1_147' title='bbox 348 2076 393 2127; x_wconf 90' lang='lat' dir='ltr'><strong>est</strong></span> <span class='ocrx_word' id='word_1_148' title='bbox 413 2085 525 2137; x_wconf 88' lang='lat' dir='ltr'><strong>amens,</strong></span> <span class='ocrx_word' id='word_1_149' title='bbox 549 2068 616 2129; x_wconf 91' lang='lat' dir='ltr'><strong>aliis</strong></span> <span class='ocrx_word' id='word_1_150' title='bbox 639 2069 779 2129; x_wconf 85' lang='lat' dir='ltr'><strong>inimicus</strong></span> <span class='ocrx_word' id='word_1_151' title='bbox 802 2075 831 2127; x_wconf 91' lang='lat' dir='ltr'><strong>et</strong></span> <span class='ocrx_word' id='word_1_152' title='bbox 853 2068 925 2147; x_wconf 85' lang='lat' dir='ltr'><strong>ipsi;</strong></span> 
     </span>
     <span class='ocr_line' id='line_1_23' title="bbox 203 2150 1080 2222; baseline 0.001 -11"><span class='ocrx_word' id='word_1_153' title='bbox 203 2150 270 2211; x_wconf 89' lang='lat' dir='ltr'><strong>Non</strong></span> <span class='ocrx_word' id='word_1_154' title='bbox 293 2168 385 2221; x_wconf 86' lang='lat' dir='ltr'><strong>amur,</strong></span> <span class='ocrx_word' id='word_1_155' title='bbox 408 2153 500 2211; x_wconf 84' lang='lat' dir='ltr'><strong>immo</strong></span> <span class='ocrx_word' id='word_1_156' title='bbox 523 2151 635 2222; x_wconf 66' lang='lat' dir='ltr'><strong>saelum</strong></span> <span class='ocrx_word' id='word_1_157' title='bbox 659 2170 717 2212; x_wconf 88' lang='lat' dir='ltr'><strong>nou</strong></span> <span class='ocrx_word' id='word_1_158' title='bbox 740 2152 848 2221; x_wconf 86' lang='lat' dir='ltr'><strong>seelus,</strong></span> <span class='ocrx_word' id='word_1_159' title='bbox 871 2153 963 2212; x_wconf 87' lang='lat' dir='ltr'><strong>immo</strong></span> <span class='ocrx_word' id='word_1_160' title='bbox 985 2152 1080 2213; x_wconf 86' lang='lat' dir='ltr'><strong>luror.</strong></span> 
     </span>
     <span class='ocr_line' id='line_1_24' title="bbox 162 2233 1031 2318; baseline 0.001 -23"><span class='ocrx_word' id='word_1_161' title='bbox 162 2233 286 2295; x_wconf 82' lang='lat' dir='ltr'><strong>Instruit</strong></span> <span class='ocrx_word' id='word_1_162' title='bbox 307 2250 379 2311; x_wconf 81' lang='lat' dir='ltr'><strong>ergo</strong></span> <span class='ocrx_word' id='word_1_163' title='bbox 402 2242 489 2307; x_wconf 88' lang='lat' dir='ltr'><strong>rates,</strong></span> <span class='ocrx_word' id='word_1_164' title='bbox 513 2239 623 2297; x_wconf 88' lang='lat' dir='ltr'><strong>transit</strong></span> <span class='ocrx_word' id='word_1_165' title='bbox 642 2255 733 2306; x_wconf 88' lang='lat' dir='ltr'><strong>mare,</strong></span> <span class='ocrx_word' id='word_1_166' title='bbox 757 2237 875 2318; x_wconf 88' lang='lat' dir='ltr'><strong>quaerit</strong></span> <span class='ocrx_word' id='word_1_167' title='bbox 896 2238 1031 2305; x_wconf 84' lang='lat' dir='ltr'><strong>amicam,</strong></span> 
     </span>
     <span class='ocr_line' id='line_1_25' title="bbox 205 2318 1126 2398; baseline -0.002 -19"><span class='ocrx_word' id='word_1_168' title='bbox 205 2318 288 2380; x_wconf 81' lang='lat' dir='ltr'><strong>ilaue</strong></span> <span class='ocrx_word' id='word_1_169' title='bbox 308 2320 397 2398; x_wconf 88' lang='lat' dir='ltr'><strong>rapit,</strong></span> <span class='ocrx_word' id='word_1_170' title='bbox 418 2320 474 2382; x_wconf 85' lang='lat' dir='ltr'><strong>hae</strong></span> <span class='ocrx_word' id='word_1_171' title='bbox 498 2322 617 2390; x_wconf 87' lang='lat' dir='ltr'><strong>lruitur,</strong></span> <span class='ocrx_word' id='word_1_172' title='bbox 641 2320 718 2381; x_wconf 86' lang='lat' dir='ltr'><strong>hane</strong></span> <span class='ocrx_word' id='word_1_173' title='bbox 741 2320 817 2383; x_wconf 89' lang='lat' dir='ltr'><strong>male</strong></span> <span class='ocrx_word' id='word_1_174' title='bbox 840 2327 921 2380; x_wconf 82' lang='lat' dir='ltr'><strong>tutus</strong></span> <span class='ocrx_word' id='word_1_175' title='bbox 943 2319 1041 2381; x_wconf 89' lang='lat' dir='ltr'><strong>hahet.</strong></span> <span class='ocrx_word' id='word_1_176' title='bbox 1091 2330 1126 2378; x_wconf 84' lang='lat'><strong>90</strong></span> 
     </span>
     <span class='ocr_line' id='line_1_26' title="bbox 163 2403 967 2484; baseline -0.001 -20"><span class='ocrx_word' id='word_1_177' title='bbox 163 2403 308 2464; x_wconf 77' lang='lat' dir='ltr'><strong>Custodes</strong></span> <span class='ocrx_word' id='word_1_178' title='bbox 329 2421 382 2465; x_wconf 93' lang='lat' dir='ltr'><strong>seu</strong></span> <span class='ocrx_word' id='word_1_179' title='bbox 406 2405 441 2475; x_wconf 85' lang='lat' dir='ltr'><strong>vi,</strong></span> <span class='ocrx_word' id='word_1_180' title='bbox 465 2424 519 2465; x_wconf 87' lang='lat' dir='ltr'><strong>seu</strong></span> <span class='ocrx_word' id='word_1_181' title='bbox 541 2423 676 2474; x_wconf 83' lang='lat' dir='ltr'><strong>munere,</strong></span> <span class='ocrx_word' id='word_1_182' title='bbox 701 2423 754 2465; x_wconf 91' lang='lat' dir='ltr'><strong>seu</strong></span> <span class='ocrx_word' id='word_1_183' title='bbox 776 2422 866 2484; x_wconf 81' lang='lat' dir='ltr'><strong>prece</strong></span> <span class='ocrx_word' id='word_1_184' title='bbox 890 2404 967 2474; x_wconf 87' lang='lat' dir='ltr'><strong>vieti,</strong></span> 
     </span>
     <span class='ocr_line' id='line_1_27' title="bbox 206 2486 910 2567; baseline 0.003 -21"><span class='ocrx_word' id='word_1_185' title='bbox 206 2486 256 2547; x_wconf 91' lang='lat' dir='ltr'><strong>Vel</strong></span> <span class='ocrx_word' id='word_1_186' title='bbox 276 2505 362 2558; x_wconf 84' lang='lat' dir='ltr'><strong>nece,</strong></span> <span class='ocrx_word' id='word_1_187' title='bbox 387 2488 431 2548; x_wconf 84' lang='lat' dir='ltr'><strong>vel</strong></span> <span class='ocrx_word' id='word_1_188' title='bbox 454 2488 587 2560; x_wconf 88' lang='lat' dir='ltr'><strong>latebris,</strong></span> <span class='ocrx_word' id='word_1_189' title='bbox 610 2489 657 2549; x_wconf 87' lang='lat' dir='ltr'><strong>vel</strong></span> <span class='ocrx_word' id='word_1_190' title='bbox 680 2490 797 2567; x_wconf 89' lang='lat' dir='ltr'><strong>periere</strong></span> <span class='ocrx_word' id='word_1_191' title='bbox 820 2495 910 2550; x_wconf 88' lang='lat' dir='ltr'><strong>metu.</strong></span> 
     </span>
     <span class='ocr_line' id='line_1_28' title="bbox 164 2570 901 2652; baseline 0.003 -21"><span class='ocrx_word' id='word_1_192' title='bbox 164 2570 227 2641; x_wconf 81' lang='lat' dir='ltr'><strong>Quo</strong></span> <span class='ocrx_word' id='word_1_193' title='bbox 249 2590 302 2632; x_wconf 82' lang='lat' dir='ltr'><strong>rex</strong></span> <span class='ocrx_word' id='word_1_194' title='bbox 326 2572 427 2634; x_wconf 90' lang='lat' dir='ltr'><strong>audito</strong></span> <span class='ocrx_word' id='word_1_195' title='bbox 449 2572 608 2652; x_wconf 82' lang='lat' dir='ltr'><strong>Menelaus,</strong></span> <span class='ocrx_word' id='word_1_196' title='bbox 632 2573 702 2633; x_wconf 93' lang='lat' dir='ltr'><strong>dum</strong></span> <span class='ocrx_word' id='word_1_197' title='bbox 725 2574 827 2635; x_wconf 80' lang='lat' dir='ltr'><strong>fremit</strong></span> <span class='ocrx_word' id='word_1_198' title='bbox 846 2575 901 2642; x_wconf 88' lang='lat' dir='ltr'><strong>ira,</strong></span> 
     </span>
     <span class='ocr_line' id='line_1_29' title="bbox 205 2656 864 2742; baseline 0.005 -28"><span class='ocrx_word' id='word_1_199' title='bbox 205 2656 259 2717; x_wconf 85' lang='lat' dir='ltr'><strong>Vix</strong></span> <span class='ocrx_word' id='word_1_200' title='bbox 282 2664 365 2717; x_wconf 87' lang='lat' dir='ltr'><strong>tenet</strong></span> <span class='ocrx_word' id='word_1_201' title='bbox 385 2676 401 2717; x_wconf 92' lang='lat' dir='ltr'><strong>a</strong></span> <span class='ocrx_word' id='word_1_202' title='bbox 424 2656 520 2736; x_wconf 82' lang='lat' dir='ltr'><strong>gladio</strong></span> <span class='ocrx_word' id='word_1_203' title='bbox 543 2678 575 2719; x_wconf 86' lang='lat' dir='ltr'><strong>se</strong></span> <span class='ocrx_word' id='word_1_204' title='bbox 599 2658 864 2742; x_wconf 25' lang='lat' dir='ltr'><strong>lerientefmanus.</strong></span> 
     </span>
     <span class='ocr_line' id='line_1_30' title="bbox 162 2739 1124 2822; baseline -0.002 -21"><span class='ocrx_word' id='word_1_205' title='bbox 162 2739 236 2809; x_wconf 85' lang='lat' dir='ltr'><strong>Flet,</strong></span> <span class='ocrx_word' id='word_1_206' title='bbox 259 2747 350 2816; x_wconf 86' lang='lat' dir='ltr'><strong>tonat,</strong></span> <span class='ocrx_word' id='word_1_207' title='bbox 373 2743 493 2809; x_wconf 82' lang='lat' dir='ltr'><strong>insanit,</strong></span> <span class='ocrx_word' id='word_1_208' title='bbox 517 2742 645 2811; x_wconf 80' lang='lat' dir='ltr'><strong>frendet,</strong></span> <span class='ocrx_word' id='word_1_209' title='bbox 669 2744 771 2822; x_wconf 82' lang='lat' dir='ltr'><strong>gemit,</strong></span> <span class='ocrx_word' id='word_1_210' title='bbox 795 2752 918 2813; x_wconf 87' lang='lat' dir='ltr'><strong>aestuat,</strong></span> <span class='ocrx_word' id='word_1_211' title='bbox 942 2741 1035 2812; x_wconf 88' lang='lat' dir='ltr'><strong>ardet,</strong></span> <span class='ocrx_word' id='word_1_212' title='bbox 1091 2751 1124 2799; x_wconf 83' lang='lat'><strong>95</strong></span> 
     </span>
     <span class='ocr_line' id='line_1_31' title="bbox 207 2825 864 2905; baseline 0.005 -21"><span class='ocrx_word' id='word_1_213' title='bbox 207 2825 482 2905; x_wconf 79' lang='lat' dir='ltr'><strong>incusarsuperos,</strong></span> <span class='ocrx_word' id='word_1_214' title='bbox 505 2828 631 2895; x_wconf 87' lang='lat' dir='ltr'><strong>moenia,</strong></span> <span class='ocrx_word' id='word_1_215' title='bbox 654 2828 723 2894; x_wconf 91' lang='lat' dir='ltr'><strong>lata,</strong></span> <span class='ocrx_word' id='word_1_216' title='bbox 747 2829 864 2887; x_wconf 80' lang='lat' dir='ltr'><strong>fretum.</strong></span> 
     </span>
     <span class='ocr_line' id='line_1_32' title="bbox 163 2908 921 2972; baseline 0.003 -4"><span class='ocrx_word' id='word_1_217' title='bbox 163 2908 233 2969; x_wconf 87' lang='lat' dir='ltr'><strong>Odit</strong></span> <span class='ocrx_word' id='word_1_218' title='bbox 255 2910 333 2969; x_wconf 90' lang='lat' dir='ltr'><strong>enim</strong></span> <span class='ocrx_word' id='word_1_219' title='bbox 358 2912 445 2971; x_wconf 86' lang='lat' dir='ltr'><strong>vitam</strong></span> <span class='ocrx_word' id='word_1_220' title='bbox 468 2911 555 2971; x_wconf 87' lang='lat' dir='ltr'><strong>simul</strong></span> <span class='ocrx_word' id='word_1_221' title='bbox 578 2920 607 2971; x_wconf 88' lang='lat' dir='ltr'><strong>et</strong></span> <span class='ocrx_word' id='word_1_222' title='bbox 630 2909 733 2972; x_wconf 85' lang='lat' dir='ltr'><strong>solatia</strong></span> <span class='ocrx_word' id='word_1_223' title='bbox 757 2914 847 2972; x_wconf 84' lang='lat' dir='ltr'><strong>ritae:</strong></span> <span class='ocrx_word' id='word_1_224' title='bbox 919 2947 921 2952; x_wconf 68' lang='lat'><strong>,</strong></span> 
     </span>
     <span class='ocr_line' id='line_1_33' title="bbox 206 2994 927 3074; baseline 0.003 -21"><span class='ocrx_word' id='word_1_225' title='bbox 206 2994 335 3072; x_wconf 22' lang='lat' dir='ltr'><strong>itia-tuas,</strong></span> <span class='ocrx_word' id='word_1_226' title='bbox 359 2997 502 3074; x_wconf 88' lang='lat' dir='ltr'><strong>requiem,</strong></span> <span class='ocrx_word' id='word_1_227' title='bbox 526 2995 642 3073; x_wconf 84' lang='lat' dir='ltr'><strong>gaudia,</strong></span> <span class='ocrx_word' id='word_1_228' title='bbox 667 3005 793 3074; x_wconf 84' lang='lat' dir='ltr'><strong>sceptra,</strong></span> <span class='ocrx_word' id='word_1_229' title='bbox 817 2996 927 3057; x_wconf 91' lang='lat' dir='ltr'><strong>cibum.</strong></span> 
     </span>
     <span class='ocr_line' id='line_1_34' title="bbox 162 3076 962 3159; baseline 0.003 -21"><span class='ocrx_word' id='word_1_230' title='bbox 162 3076 272 3138; x_wconf 87' lang='lat' dir='ltr'><strong>lllavult</strong></span> <span class='ocrx_word' id='word_1_231' title='bbox 293 3079 358 3158; x_wconf 90' lang='lat' dir='ltr'><strong>ipse</strong></span> <span class='ocrx_word' id='word_1_232' title='bbox 382 3082 472 3140; x_wconf 88' lang='lat' dir='ltr'><strong>mori:</strong></span> <span class='ocrx_word' id='word_1_233' title='bbox 496 3082 563 3159; x_wconf 91' lang='lat' dir='ltr'><strong>quia</strong></span> <span class='ocrx_word' id='word_1_234' title='bbox 588 3097 647 3139; x_wconf 85' lang='lat' dir='ltr'><strong>nun</strong></span> <span class='ocrx_word' id='word_1_235' title='bbox 670 3081 816 3141; x_wconf 87' lang='lat' dir='ltr'><strong>moriatur</strong></span> <span class='ocrx_word' id='word_1_236' title='bbox 837 3080 962 3149; x_wconf 87' lang='lat' dir='ltr'><strong>adulter,</strong></span> 
     </span>
     <span class='ocr_line' id='line_1_35' title="bbox 206 3162 1127 3244; baseline 0.004 -22"><span class='ocrx_word' id='word_1_237' title='bbox 206 3162 257 3223; x_wconf 79' lang='lat' dir='ltr'><strong>Sin</strong></span> <span class='ocrx_word' id='word_1_238' title='bbox 279 3180 341 3231; x_wconf 89' lang='lat' dir='ltr'><strong>sua,</strong></span> <span class='ocrx_word' id='word_1_239' title='bbox 365 3165 406 3225; x_wconf 87' lang='lat' dir='ltr'><strong>sic</strong></span> <span class='ocrx_word' id='word_1_240' title='bbox 428 3170 549 3243; x_wconf 84' lang='lat' dir='ltr'><strong>reputat</strong></span> <span class='ocrx_word' id='word_1_241' title='bbox 569 3182 601 3224; x_wconf 89' lang='lat' dir='ltr'><strong>se</strong></span> <span class='ocrx_word' id='word_1_242' title='bbox 624 3164 697 3224; x_wconf 88' lang='lat' dir='ltr'><strong>nihil</strong></span> <span class='ocrx_word' id='word_1_243' title='bbox 721 3162 832 3244; x_wconf 85' lang='lat' dir='ltr'><strong>absque</strong></span> <span class='ocrx_word' id='word_1_244' title='bbox 853 3183 917 3227; x_wconf 89' lang='lat' dir='ltr'><strong>sua.</strong></span> <span class='ocrx_word' id='word_1_245' title='bbox 1079 3174 1127 3221; x_wconf 83' lang='lat'><strong>100</strong></span> 
     </span>
     <span class='ocr_line' id='line_1_36' title="bbox 164 3245 895 3327; baseline 0.008 -23"><span class='ocrx_word' id='word_1_246' title='bbox 164 3245 317 3308; x_wconf 83' lang='lat' dir='ltr'><strong>Excidium</strong></span> <span class='ocrx_word' id='word_1_247' title='bbox 340 3246 447 3327; x_wconf 82' lang='lat' dir='ltr'><strong>Trojae</strong></span> <span class='ocrx_word' id='word_1_248' title='bbox 470 3256 585 3315; x_wconf 80' lang='lat' dir='ltr'><strong>tractat,</strong></span> <span class='ocrx_word' id='word_1_249' title='bbox 609 3247 739 3317; x_wconf 87' lang='lat' dir='ltr'><strong>molitur,</strong></span> <span class='ocrx_word' id='word_1_250' title='bbox 764 3248 895 3310; x_wconf 87' lang='lat' dir='ltr'><strong>anhelat:</strong></span> 
     </span>
     <span class='ocr_line' id='line_1_37' title="bbox 184 3328 911 3412; baseline 0.007 -23"><span class='ocrx_word' id='word_1_251' title='bbox 184 3328 283 3401; x_wconf 63' lang='lat' dir='ltr'><strong>‚Dum</strong></span> <span class='ocrx_word' id='word_1_252' title='bbox 307 3332 403 3393; x_wconf 89' lang='lat' dir='ltr'><strong>solum</strong></span> <span class='ocrx_word' id='word_1_253' title='bbox 427 3333 561 3393; x_wconf 83' lang='lat' dir='ltr'><strong>Paridem</strong></span> <span class='ocrx_word' id='word_1_254' title='bbox 586 3333 666 3394; x_wconf 88' lang='lat' dir='ltr'><strong>ducit</strong></span> <span class='ocrx_word' id='word_1_255' title='bbox 688 3333 773 3393; x_wconf 89' lang='lat' dir='ltr'><strong>obire</strong></span> <span class='ocrx_word' id='word_1_256' title='bbox 798 3352 911 3412; x_wconf 83' lang='lat' dir='ltr'><strong>parum,</strong></span> 
     </span>
    </p>
   </div>
   <div class='ocr_carea' id='block_1_3' title="bbox 210 3517 707 3587">
    <p class='ocr_par' dir='ltr' id='par_1_3' title="bbox 210 3517 707 3587">
     <span class='ocr_line' id='line_1_38' title="bbox 210 3517 707 3587; baseline 0 -21"><span class='ocrx_word' id='word_1_257' title='bbox 210 3580 215 3587; x_wconf 18' lang='grc' dir='ltr'>ὴ</span> <span class='ocrx_word' id='word_1_258' title='bbox 232 3519 272 3571; x_wconf 83' lang='grc'><strong>71.</strong></span> <span class='ocrx_word' id='word_1_259' title='bbox 301 3517 407 3567; x_wconf 79' lang='lat' dir='ltr'><strong>frustra</strong></span> <span class='ocrx_word' id='word_1_260' title='bbox 424 3538 457 3559; x_wconf 87' lang='lat'>=</span> <span class='ocrx_word' id='word_1_261' title='bbox 476 3518 572 3581; x_wconf 85' lang='lat' dir='ltr'><strong>frusta,</strong></span> <span class='ocrx_word' id='word_1_262' title='bbox 592 3518 707 3567; x_wconf 78' lang='lat' dir='ltr'><strong>frausta.</strong></span> 
     </span>
    </p>
   </div>
   <div class='ocr_carea' id='block_1_4' title="bbox 0 0 1269 3917">
    <p class='ocr_par' dir='ltr' id='par_1_4' title="bbox 0 0 1269 3917">
     <span class='ocr_line' id='line_1_39' title="bbox 0 0 1269 3917; baseline 0 0"><span class='ocrx_word' id='word_1_263' title='bbox 0 0 1269 3917; x_wconf 95' lang='lat' dir='ltr'><strong> </strong></span> 
     </span>
    </p>
   </div>
  </div>
 </body>
</html>
