2509 3917
449 169 511 219 nro.
529 168 577 220 1v.
605 184 630 219 v.
648 169 791 220 tos-491.
1041 163 1100 226 117

256 316 418 388 [omnum
434 315 602 371 scamnis
618 311 982 384 PRAEPARAT'PARIS.]

138 424 273 502 Tempus
296 429 370 490 erat,
394 441 452 501 quo
475 432 580 481 cuncta
603 421 702 492 silent,
726 440 794 482 cum
815 419 942 480 lontibus
963 418 1054 479 armis

184 507 292 568 Fortes
314 509 346 566 in
370 504 429 566 lani
452 503 577 566 collocat
600 506 673 566 aede
695 505 788 566 Paris.

138 580 284 652 Protimis
306 597 338 651 ut
360 589 454 657 vobis,
478 592 529 658 ait,
553 597 741 650 ostentavere
764 591 894 666 elgnum,
1056 594 1105 643 465
1160 590 1168 602 ·

185 675 330 736 Aeacidae
354 683 449 734 vester
472 675 501 733 in
525 681 613 753 caput
636 675 714 734 ensis
737 680 793 742 eat,

139 756 261 839 Spicula
283 757 374 818 densa
396 756 496 835 gulam
518 766 705 836 percurrant,
729 757 833 818 lancea
857 765 999 825 ventrem,

185 842 323 921 deprope
346 850 427 902 stans
449 840 552 902 ambas
574 840 708 903 abscidat
731 860 802 902 ense
824 839 925 920 pedes

140 928 206 989 Nec
229 931 314 1003 prius
335 925 430 987 insani
453 924 604 1004 deponant
626 943 708 986 arma
730 925 835 986 lacerti

185 1009 278 1081 Quam
301 1009 383 1070 ierus
404 1009 546 1071 Aeacides
568 1010 666 1070 vivere
688 1020 780 1089 ponat
800 1008 854 1071 ibi.

427 1161 432 1168 ·
448 1146 592 1225 [cerrus
609 1156 801 1226 romnus]

143 1260 245 1324 Altera
267 1261 317 1322 lux
339 1260 428 1330 lucet,
453 1260 536 1321 coelo
559 1259 602 1321 sol
625 1280 734 1323 aureus
756 1265 826 1331 exit,

186 1344 302 1407 Fanum
323 1345 442 1406 Pelides
465 1343 697 1423 Antilochusque
719 1352 835 1426 pluat.

143 1429 290 1494 Credulus
313 1430 349 1490 ad
373 1447 473 1490 vocem
496 1429 631 1490 mulieris
654 1432 799 1508 provenit,
822 1431 927 1506 impos,

187 1515 327 1577 Conditus
348 1522 416 1573 ante
439 1512 529 1581 iores,
553 1514 636 1573 irrita
659 1522 726 1574 vota
748 1531 867 1589 gerens.

140 1597 202 1658 Pro
225 1598 341 1677 superii
364 1603 506 1676 quantum
528 1597 663 1657 mortalia
686 1606 806 1677 pectora
829 1614 935 1658 caecae

186 1682 288 1742 Noctis
310 1680 435 1748 babent:
459 1685 583 1756 intrant,
606 1679 685 1741 nulla
709 1682 811 1742 nociva
833 1683 950 1741 timent.

141 1766 273 1826 Insidiae
296 1774 436 1842 surgunt3
460 1766 550 1845 capiti
571 1783 603 1825 se
626 1783 729 1826 mucro
753 1766 872 1826 maritat

187 1849 319 1925 Telaque
341 1866 396 1927 pro
418 1847 486 1909 telis
507 1848 556 1909 bio
578 1849 702 1910 volitare
724 1851 821 1917 videm

142 1934 261 1995 Lancea
283 1951 337 2011 per
360 1950 468 2011 corpus
490 1933 636 2010 sponsalia
659 1952 744 1996 saeva
767 1936 913 2013 propinat,

188 2017 337 2078 Cerberus
358 2016 408 2076 hic
429 2019 505 2078 festa
528 2035 588 2077 non
610 2017 799 2096 Hymenaeus
822 2027 909 2078 amat.
1010 2044 1012 2049 ·

144 2102 296 2179 sperarat,
319 2100 424 2161 melius
445 2099 522 2178 quod
545 2100 670 2178 pulchra
693 2102 839 2180 Polyxena
861 2101 957 2161 taedis

186 2182 272 2258 Illum
295 2183 433 2244 debuerit
454 2183 634 2245 exhilarasse
656 2189 726 2246 suls.

146 2269 198 2327 Vir
221 2286 275 2346 pro
298 2269 442 2345 virgineis
465 2267 528 2328 lera
549 2269 639 2328 sentit
661 2267 736 2330 bella
758 2269 886 2338 lacertis,

189 2351 249 2412 Pro
271 2351 354 2413 molli
372 2369 443 2411 vero
466 2352 587 2412 vulnera
611 2351 685 2412 dura
708 2361 785 2413 toro.

145 2434 222 2506 Quid
246 2436 335 2497 laciet
354 2437 431 2495 tiro?
455 2444 537 2497 caret
558 2434 658 2497 inclita
681 2436 802 2498 dextera
824 2444 922 2504 conto,

127 2545 130 2548 ⁴
189 2519 254 2579 Non
277 2519 334 2579 luit
355 2528 457 2580 aurata
480 2519 593 2580 casside
615 2537 717 2596 pressa
740 2538 838 2589 eoma;

143 2602 210 2662 Non
235 2612 339 2680 pectus
360 2601 452 2663 lorica
476 2604 557 2680 tegit,
581 2621 641 2664 non
664 2623 749 2665 crura
773 2612 894 2665 tuentur

188 2685 294 2755 Ocrea,
317 2704 378 2746 non
400 2687 473 2747 lerri
494 2684 603 2747 lamina
626 2687 716 2748 densa
739 2688 833 2760 latus;

144 2769 208 2831 Nec
231 2767 345 2847 clipeus
369 2768 443 2829 vasti
465 2769 600 2855 caelatus
616 2775 745 2849 imagine
768 2773 872 2834 mundi

96 2892 98 2895 -
187 2859 211 2912 A
235 2851 311 2913 collo
332 2852 451 2932 pendet,
475 2853 578 2914 nudus
596 2865 722 2937 uterque
743 2864 834 2937 patet.
1059 2866 1110 2914 490

144 2937 204 2997 Pro
227 2954 331 3014 parma
353 2935 478 3016 replicat
501 2935 694 3018 chlamydem,
718 2958 821 3002 manus
844 2942 950 3020 arripit
971 2958 1084 3016 ensem,

213 3170 274 3220 463.
292 3169 413 3220 imitatio
431 3172 544 3237 Virgilii
561 3173 628 3224 Aen.
646 3174 682 3239 11,
701 3176 759 3226 268:

247 3236 367 3369 fflgltsss
385 3242 456 3303 erat,
476 3254 527 3303 quo
546 3241 633 3304 prima
652 3244 729 3306 quies
747 3241 910 3293 mortalibus
928 3243 1019 3307 aegris

14 3414 15 3421 ,
39 3370 42 3379 ”
143 3371 203 3421 tta.
224 3368 318 3421 Ovidii
335 3371 497 3423 estbletam.
516 3373 564 3437 VI,
582 3376 640 3426 472.
661 3378 702 3428 73.
769 3378 828 3427 481.
845 3374 943 3425 melius
961 3390 1009 3438 pro
1022 3374 1110 3423 codic.

142 3437 254 3490 molina.
