2509 3917
434 151 552 215 Lib.11'.
588 176 614 215 v.
633 162 776 212 otu-711.

320 304 444 360 VERBA
462 304 672 362 PALAMEDIS
690 260 886 367 summost.

114 409 253 488 Coeptus
275 409 313 470 ab
335 409 476 486 agricolis
498 429 623 491 superos
646 412 765 473 devenit
786 414 823 475 ad
845 432 949 476 omnes

161 493 345 555 Ambitiosus
368 494 473 565 bonor,
497 495 590 575 corda
610 496 740 576 superba
761 516 895 560 movens.

113 577 253 639 Moverat
274 577 398 640 ambitio
420 577 617 650 Palamedem,
641 598 750 661 nempe
772 582 892 643 tenendi

161 661 288 742 Imperii
311 669 463 741 sceptrum
486 679 574 725 causa
597 664 760 725 momordit
782 683 860 727 eum.

113 744 227 806 Verbis
250 755 280 806 et
302 746 390 807 dictis
413 763 518 808 omnes
539 748 645 808 audire
667 749 799 810 volentes
1034 761 1086 810 ouo

161 826 214 890 Sic
237 830 273 889 ad
296 832 483 909 propositum
503 839 648 910 provocat
668 833 731 912 ipse
753 851 850 894 suum.

115 912 187 974 Non
210 913 287 974 bene
309 931 360 974 res
382 916 489 992 agitur,
512 916 620 995 inquii,
642 924 708 977 sunt
732 918 830 978 omnia
853 918 943 995 digno

99 1042 104 1049 ,
162 997 221 1057 'l'ot
242 1006 367 1077 propter
388 1015 530 1077 proceres
550 999 618 1077 J'ure
640 1001 770 1080 regenda
792 1009 880 1063 statu.

114 1080 230 1158 Reges,
254 1085 341 1161 quive
365 1082 462 1143 solent
483 1085 593 1160 regalia
616 1093 734 1164 sceptra
756 1092 869 1155 tenere,

161 1163 267 1242 Digois
289 1174 411 1227 ornatos
433 1166 566 1227 moribus
588 1186 654 1228 esse
676 1170 771 1230 decet.
1034 1181 1083 1231 685

113 1247 185 1310 Non
207 1254 278 1308 sunt
298 1248 440 1310 laudandi
461 1252 518 1310 uisi
539 1252 724 1322 strenuitate,
747 1250 855 1323 valore,

158 1331 290 1407 Robore,
313 1334 449 1403 consilio,
474 1334 650 1412 dapsilitate,
674 1334 774 1396 duces.

115 1415 164 1476 Sit
185 1434 241 1476 rex
263 1416 413 1489 flexibilis,
436 1419 512 1498 pius,
536 1418 696 1480 exorabilis
717 1421 803 1496 isque

160 1499 312 1577 Subjectis
334 1519 437 1579 agnus,
461 1502 599 1563 hostibus
621 1520 710 1562 ursus
732 1505 798 1561 erit.

114 1583 275 1663 Nunquam
298 1588 482 1664 conspicitur
505 1585 628 1646 meliore
651 1588 781 1664 potentia
805 1603 903 1652 causa,
1032 1597 1083 1646 eso

158 1666 255 1738 Quam
278 1670 394 1747 quoties
416 1687 506 1730 ranas
529 1688 588 1730 non
611 1673 770 1730 sinitesse
791 1686 907 1750 preces.

116 1752 164 1811 Sit
186 1755 425 1830 circumspectus
446 1771 510 1823 rex,
533 1755 762 1834 circumspectio
783 1754 877 1831 regis;

157 1835 281 1896 Famam
303 1835 391 1898 laude
413 1838 517 1917 replet,
541 1841 644 1898 resin
666 1837 782 1899 bonore
805 1844 895 1898 tenet.

112 1919 192 1979 Num
216 1919 289 1998 quid
312 1937 367 1997 ego
391 1930 494 1981 nostro
516 1919 622 2002 loquor
643 1920 694 1982 bic
709 1939 765 2002 pro
784 1922 921 2000 principe
936 1921 1079 1982 verbum?

156 2002 224 2063 Non
247 2003 297 2063 dat
319 2004 355 2063 ad
379 2004 475 2066 olllcia
497 2004 612 2083 singula
635 2021 724 2084 posse
746 2022 843 2065 suum.
909 2075 914 2082 ,
1029 2015 1081 2064 tou

111 2085 172 2146 Sed
196 2088 296 2148 minus
318 2092 364 2146 est
385 2090 473 2149 docto
496 2090 566 2167 quid
588 2090 722 2166 prodest,
745 2089 824 2169 quod
846 2091 926 2166 gerit
947 2097 1029 2149 extra

161 2169 282 2231 Grande
304 2170 509 2250 supercilium,
533 2173 584 2251 qui
606 2171 682 2232 nibil
704 2174 783 2233 intus
805 2171 904 2232 babet.

111 2252 251 2331 Regnum
274 2253 427 2334 dilapidat,
451 2257 502 2335 qui
522 2273 649 2334 regnum
672 2255 794 2316 rudibili
816 2254 875 2322 dat,

156 2336 212 2398 Est
232 2341 345 2400 vestire
366 2339 471 2400 sudem
495 2349 610 2419 sceptra
635 2350 737 2401 tenere
759 2339 874 2399 rudem.

111 2421 298 2502 Addequod
321 2440 358 2483 ex
380 2422 481 2484 multis
501 2440 643 2503 proceres
664 2420 837 2500 regionibus
858 2421 975 2491 adsunt,
1029 2431 1078 2481 705

154 2505 288 2585 Cumque
311 2525 367 2567 suo
390 2511 471 2568 venit
492 2510 586 2588 patria
609 2525 746 2586 quaeque
768 2505 853 2566 duce.

110 2588 279 2666 Ingenium,
303 2609 367 2661 cor,
390 2589 555 2660 consilium,
578 2592 697 2652 virtutis
718 2607 842 2650 acumen

153 2672 313 2742 Quaelibet
335 2692 351 2735 a
373 2676 497 2755 proprio
519 2676 600 2736 natio
622 2677 742 2753 quaerit
762 2673 846 2733 hero.

111 2753 288 2819 Consentire
310 2761 404 2834 magis
425 2756 456 2818 bi
478 2758 665 2819 delectantur
686 2759 716 2817 in
738 2775 830 2817 unum

152 2843 176 2901 A
200 2843 320 2903 cunctis
343 2843 482 2912 dandum,
506 2861 595 2922 quam
616 2843 752 2919 reperire
775 2841 885 2901 datum.
1028 2849 1078 2897 710

110 2922 162 2983 llis
184 2924 288 2986 verbis
310 2925 412 2987 allexit
434 2944 495 2993 eos,
519 2926 691 3003 studuitque
712 2925 882 3002 frequenter

177 3175 239 3224 676.
257 3173 393 3240 Mergiuis
411 3174 498 3226 ecbol.
533 3176 591 3224 Iste
608 3173 774 3223 Palamedes
792 3172 865 3222 filius
888 3178 948 3223 erat
964 3170 1077 3235 Nauplii

109 3239 159 3289 filii
176 3243 309 3305 Neptuni.
378 3244 429 3292 684
447 3256 490 3307 sq.
519 3242 676 3291 conferetur
699 3239 823 3290 Guelteri
845 3238 1001 3293 Alexandr..
1028 3238 1076 3286 ubi

8 3324 9 3329 ¹
109 3307 180 3358 libro
216 3308 306 3372 primo
336 3308 503 3359 Aristoteles
537 3307 632 3358 officia
665 3308 740 3371 regis
768 3304 923 3356 alexandro
953 3304 1074 3367 exponit.

108 3375 168 3425 686.
187 3373 324 3426 laudanti.
394 3378 452 3426 690.
481 3376 643 3440 emargine
665 3389 714 3437 pro
738 3375 889 3437 potentiae.
957 3372 1014 3421 690.
1033 3371 1074 3423 91.

107 3442 190 3493 Ovid.
209 3457 225 3491 c
242 3442 324 3494 Pont.
343 3443 380 3499 ΙΙ,
399 3446 423 3502 9,
444 3444 485 3495 15.
504 3443 545 3493 16.
623 3442 682 3491 708.
708 3455 824 3503 emerg.
842 3452 891 3503 pro
910 3437 967 3486 eod.
985 3435 1074 3487 homo.
