2509 3917
187 221 247 284 116
497 218 557 269 Lib.
577 218 624 275 lv,
649 233 675 269 v.
692 219 837 270 439-462.

184 373 351 434 Succedent
373 370 477 432 taedae
498 370 590 449 regali
615 378 781 440 stemmate,
804 387 915 451 sponsa

227 458 281 518 iiis
303 464 353 517 tua
377 456 495 517 deliciis
517 464 561 516 est
583 455 728 535 potiunda
750 456 821 524 tibi;
1101 464 1152 513 440

184 541 246 602 Nec
269 540 369 622 tepido
393 540 541 602 desiderio
563 538 766 617 pulcherrima
788 542 873 615 virga

227 626 340 687 Pendet
362 627 398 686 ad
422 625 580 686 adveutum
603 623 680 684 laeta
702 622 860 703 libensque
882 632 976 684 tuum.
1231 622 1232 627 ’

184 713 226 773 Tu
251 728 369 790 qunque
391 708 471 770 nulia
494 710 574 770 iures
597 708 739 787 deinceps
761 708 948 769 incommoda
970 706 1088 787 Trojae,
1230 660 1232 771 Ι

228 796 265 857 Ut
287 800 402 873 repetat
423 795 536 872 patrios
558 792 683 853 Graecia
705 791 782 853 lassa
804 791 892 852 lares.

185 880 280 941 illusit
301 878 427 948 blandis,
451 882 578 957 quorum
602 876 659 936 sihi
681 877 775 955 copia,
798 875 898 936 verbis
1102 885 1173 941 445,

229 962 353 1024 Hecuba
375 964 515 1035 tironem,
537 963 580 1021 sic
603 959 778 1021 fabricando
800 979 915 1021 necem

185 1049 384 1111 Exhilarescit
405 1045 505 1114 humo,
528 1063 617 1124 quem
641 1044 773 1105 inemina
795 1043 883 1105 melle
905 1044 1010 1105 nocivo
1231 1050 1232 1061 ¹

229 1132 354 1193 Fraudis
376 1134 535 1202 inescaret,
558 1127 691 1227 falsaque
715 1147 783 1189 vera
806 1135 899 1206 putat.
1230 1074 1232 1221 I

186 1218 299 1296 Vixque
323 1233 436 1274 moram
458 1215 582 1292 patitur,
606 1214 652 1271 vir
674 1212 735 1290 jam
757 1231 810 1273 sua
833 1212 938 1291 gaudia
962 1210 1073 1280 differt,

228 1301 293 1360 darn
317 1301 398 1378 cupit
420 1297 568 1374 ampiecti,
590 1295 651 1375 jam
674 1296 751 1357 bona
772 1306 857 1376 pacta
881 1296 956 1357 dari.
1103 1305 1151 1354 450

185 1383 359 1446 Retrahitur
382 1391 480 1444 tamen
502 1380 551 1441 tlte
575 1388 665 1449 metu,
689 1383 853 1481 metuitque
876 1383 992 1448 venire;

229 1467 287 1530 Sed
311 1469 336 1529 si
359 1485 419 1527 non
439 1465 546 1531 venIat
569 1472 636 1525 vata
660 1469 761 1544 perire
781 1471 874 1545 putat.
912 1518 921 1532 ,

187 1554 283 1630 Saepe
305 1558 387 1612 metu
409 1566 478 1630 spes
501 1551 574 1609 victa
596 1550 685 1620 cadit,
707 1551 804 1610 veniat
827 1555 994 1618 mancatne,

228 1636 262 1695 In
285 1638 393 1695 urentis
415 1652 517 1695 secum
540 1631 672 1713 disputat
693 1636 757 1713 ipse
780 1635 891 1697 schola.

187 1719 321 1799 Denique
345 1719 420 1779 fidus
443 1736 536 1788 amor,
560 1717 703 1797 quidquid
727 1716 959 1796 properantibus
974 1715 1078 1788 obstat,
1101 1724 1148 1773 455

229 1802 335 1879 Fingit,
359 1802 446 1862 etad
469 1820 573 1862 causas
595 1804 771 1880 ingeniosus
793 1806 859 1863 erit.
938 1822 941 1827 ⁴

186 1887 428 1964 interutrumque
451 1894 540 1955 tenet,
564 1904 648 1963 spem
671 1887 786 1947 scilicet
807 1895 896 1964 atque
918 1886 1066 1955 timorem,

230 1970 347 2050 Speque
370 1973 459 2030 timor
481 1968 581 2040 dubia,
604 1989 731 2050 spesque
755 1972 861 2031 tImcrc
883 1970 970 2031 cadit.

186 2055 233 2116 ire
255 2061 355 2115 tamen
377 2063 478 2122 restat,
501 2055 570 2133 quia
592 2055 690 2115 calcar
711 2057 822 2116 amoris
844 2055 936 2116 acutIs

229 2139 336 2200 Incitat
357 2138 438 2199 hunc
461 2138 603 2205 stimulis;
628 2138 768 2200 credulus
790 2157 861 2216 ergo
884 2139 973 2200 stetit
1099 2144 1147 2193 450

188 2221 313 2284 Credula
336 2241 385 2283 res
408 2241 490 2282 arnor
513 2228 567 2291 est,
590 2221 696 2283 ieviter
715 2225 866 2285 ducuntur
888 2229 1023 2284 amantes

231 2308 365 2387 Denique
387 2305 478 2385 pedes
500 2307 558 2366 reti
581 2305 754 2368 credulitate
776 2306 843 2368 levi.

255 2610 314 2658 449.
344 2607 435 2658 Ovidii
454 2610 496 2657 est
513 2606 624 2662 Metam.
642 2608 689 2668 IV,
708 2609 767 2658 350.
873 2609 933 2659 453.
963 2606 1071 2658 Similes
1088 2606 1146 2656 sunt

188 2674 283 2725 Ovidii
299 2674 356 2725 loci
373 2675 459 2724 Trist.
477 2673 524 2736 IV,
543 2677 567 2736 3,
586 2677 618 2723 12

153 2747 155 2751 ’
291 2742 347 2791 Cnr
363 2741 444 2792 lubet
462 2741 590 2805 ambiguo
608 2756 673 2806 spes
691 2741 759 2791 mihi
777 2742 862 2793 mixtu
881 2743 975 2791 metu?

189 2812 215 2857 et
232 2808 298 2858 Her.
315 2807 395 2868 XIII,
414 2809 472 2868 124,

290 2874 360 2940 Spes
378 2875 451 2925 bons
468 2874 588 2925 sollicito
606 2876 683 2926 victa
701 2877 798 2926 timere
817 2876 899 2926 cudit.

187 2944 247 2992 455.
264 2941 315 2993 Or.
333 2943 399 2997 Her,
417 2942 453 3005 11,
471 2943 513 2992 21.
531 2944 564 2991 22

188 3072 191 3077 ,
290 3011 418 3075 Denique
436 3008 506 3060 fidus
525 3025 609 3069 umor,
628 3009 761 3074 quidquid
779 3010 994 3074 properantibus
1012 3009 1109 3061 obstat.

324 3076 428 3140 Finxit,
447 3081 476 3126 et
494 3076 530 3126 ad
549 3090 650 3127 causus
667 3077 814 3141 ingeniose
832 3077 882 3127 fui

188 3145 247 3194 457
267 3142 318 3199 Or.
337 3146 400 3196 Met.
419 3115 455 3207 h,
476 3145 525 3194 140
542 3145 616 3194 inter
633 3147 779 3209 utrumqne
798 3149 873 3194 tene.
941 3144 1000 3195 458.
1020 3142 1070 3195 Or.
1085 3140 1144 3191 Her

189 3210 238 3275 IX,
257 3212 299 3261 42
390 3212 450 3261 461
479 3209 569 3262 Ovidii
597 3215 641 3261 est
667 3212 781 3261 Metam.
809 3211 868 3274 VII,
896 3212 947 3262 826
973 3210 1082 3261 credula
1106 3218 1143 3255 res

190 3293 267 3328 amor
286 3283 336 3331 est
