2509 3917
165 183 208 248 60
479 183 541 234 ure.
558 182 594 235 11.
628 197 655 236 v.
672 181 817 234 course.

208 333 324 396 Laudes
347 331 469 395 alterins
492 331 687 411 appropriare
709 331 778 392 sibi.

166 418 250 490 Quod
274 436 333 479 non
356 436 399 487 es,
423 434 484 477 non
506 434 572 476 esse
592 414 673 488 velis,
697 415 775 495 quod
798 433 840 485 es,
864 433 930 477 esse
951 416 1063 484 interm
1119 492 1128 501 β

210 499 355 582 Displicet
376 499 553 580 imprudens
575 499 656 562 unde
677 499 797 580 placere
818 506 911 579 putat.
1082 508 1138 558 ooo

166 586 239 648 Cum
263 590 304 646 sis
327 584 491 653 Patroclus,
516 604 570 645 cur
593 594 621 644 te
644 586 782 645 mentiris
802 581 965 645 Achillem?

209 669 284 739 Scis,
306 669 387 749 quod
410 671 468 731 lert
489 669 609 747 longam
631 669 714 730 fictio
736 666 816 730 nulla
839 685 963 731 morsm.

167 754 264 823 Scire,
287 753 357 832 quid
380 756 411 812 in
435 750 522 813 bellis
543 750 639 813 valeat
659 754 839 814 fortissimus
860 750 981 822 Hector,

209 837 253 897 Te
275 836 341 896 volo
363 855 446 905 mom
469 845 622 915 properat,
647 837 728 897 bunc
749 847 838 896 necat
857 837 915 896 ista
937 852 1053 896 manns.

166 922 329 982 Hectoreas
350 935 498 996 cognosce
520 937 642 989 manum
664 938 721 981 nee
742 920 828 999 plura
850 919 967 980 locutus
1082 929 1138 978 olo

211 1004 372 1079 Descendit
389 1002 529 1081 juvenem
552 1001 722 1081 despoliare
743 1013 837 1065 ratus.

167 1088 285 1149 Merion
308 1105 344 1148 ex
366 1089 430 1148 acie
451 1105 563 1166 corpus
585 1088 687 1156 trahit,
710 1087 822 1149 Hector
844 1085 972 1148 eundem

209 1171 252 1231 un
275 1180 386 1232 terram
409 1169 502 1232 solitis
523 1171 637 1232 viribus
659 1189 731 1233 usus
753 1173 825 1249 agit.

166 1255 255 1316 Hunc
276 1255 365 1315 etiam
389 1254 519 1334 spoliare
541 1264 643 1334 parat;
666 1258 719 1317 sed
741 1256 892 1317 Mnesteus
913 1254 957 1316 illi

211 1336 324 1399 Obvius
345 1338 524 1401 Hectoreum
547 1341 661 1401 sanciat
682 1356 753 1400 ense
776 1341 886 1400 lemur.
1084 1350 1139 1398 olo

165 1422 243 1484 blilia
266 1421 444 1484 muletarum
466 1425 632 1501 prosternit
653 1427 774 1485 saucius
796 1430 827 1484 et
848 1426 908 1484 iam

208 1506 312 1586 Grajos
334 1508 365 1566 in
388 1516 506 1587 turpem
529 1516 659 1568 verterat
679 1510 743 1584 ipse
765 1508 874 1584 lugam.

169 1589 236 1650 Non
260 1598 326 1651 erat
346 1590 420 1652 baec
442 1608 540 1670 pugna
562 1591 747 1670 pavidorum,
771 1609 839 1651 nam
862 1589 948 1652 simul
971 1608 1057 1652 acres

208 1673 325 1742 Fortes,
349 1674 477 1734 auduom
497 1672 549 1734 bic
569 1677 695 1752 periisse
717 1676 808 1736 rides.
908 1754 911 1758 Δ

358 1800 534 1891 mutuor
550 1836 731 1894 unouonrs
747 1838 795 1893 ur
812 1837 941 1894 muers.

165 1939 334 2000 Adveniens
356 1939 518 2003 Telamone
540 1952 632 2014 satus,
655 1946 848 2006 saevissimus
870 1943 942 2024 djax
1083 1955 1141 2003 620

208 2020 298 2082 Ocius
319 2021 452 2101 objectas
475 2026 597 2103 ampliat
619 2045 690 2088 ense
712 2031 785 2097 rias,

168 2102 319 2182 ln'signem
341 2106 442 2184 gladio
463 2112 536 2189 petit
560 2111 697 2179 Hectora,
719 2129 838 2191 quaque
859 2111 980 2192 patebat

210 2189 295 2252 Nuda
317 2193 375 2251 riri
397 2197 508 2261 cervix,
532 2193 633 2272 dirigit
655 2194 705 2255 ille
727 2211 858 2257 manum.

165 2273 258 2334 lctum
282 2274 445 2338 Priamides
467 2276 596 2338 umbone
617 2277 765 2357 repellere
787 2279 886 2341 nitens

209 2357 340 2436 'lengum
361 2360 521 2431 submittit,
545 2361 659 2423 casside
681 2361 756 2422 colla
780 2364 861 2441 tegit.
1080 2375 1139 2424 625

167 2436 229 2503 Sed
252 2444 370 2521 penitus
392 2462 452 2506 non
475 2445 579 2516 evadit,
603 2446 673 2525 quia
695 2462 800 2507 mucro
822 2464 991 2528 parumper.

232 2643 291 2694 603.
309 2643 408 2694 alludit
424 2644 523 2693 Aviani
541 2646 597 2695 fab.
614 2646 647 2701 V.
662 2648 684 2698 l.
699 2649 724 2697 2.

267 2709 361 2759 Metiri
378 2725 408 2759 se
428 2725 563 2776 quemque
582 2713 663 2764 decet
681 2714 853 2782 propriisque
868 2714 963 2781 jurari

302 2776 452 2836 Laudibus,
473 2777 591 2830 alterius
609 2796 661 2831 nec
679 2782 753 2835 bona
770 2783 843 2834 terre
861 2783 923 2834 sibi.

166 2843 224 2894 604.
253 2842 339 2893 Auem
366 2843 493 2898 Nevelet.
521 2862 548 2911 p.
566 2849 624 2902 017.
646 2847 694 2901 lin.
714 2851 754 2903 15.
840 2851 899 2902 600.
921 2851 1008 2902 Anon.
1034 2849 1136 2907 Nerel.

165 2925 191 2974 p,
208 2911 268 2960 499.
293 2909 341 2960 liu.
361 2912 385 2962 b.
455 2912 514 2963 608.
532 2914 781 2979 Epitomator823:

234 2976 271 3025 Et
288 2983 420 3041 quantum
438 2978 513 3030 bello
530 2981 627 3032 valeat
644 2982 811 3034 fortissimus
829 2984 943 3035 Hector.

164 3044 225 3092 622.
242 3045 287 3093 23ss
302 3044 468 3108 epitomator
483 3048 541 3098 606.
559 3051 584 3099 6.

233 3110 376 3174 Insignem
394 3111 468 3163 bello
486 3114 560 3178 petit
576 3111 707 3181 Hectora,
727 3132 834 3182 quaque
851 3119 969 3184 patebat

267 3177 347 3227 Nuda
364 3180 417 3228 viri
436 3181 539 3241 cervix,
557 3181 710 3246 fulgentem
728 3184 825 3251 dirigit
843 3199 942 3237 ensem.

164 3243 309 3297 624-633.
326 3245 448 3297 Imitatio
467 3246 663 3313 Epitomatoris
681 3264 766 3305 veros.
783 3254 933 3303 cnr-61⁷:

266 3311 318 3362 Ille
336 3314 418 3363 ictum
437 3312 520 3364 celeri
537 3315 676 3380 praevidit
694 3317 813 3369 callidus
832 3325 895 3370 astu

267 3380 413 3446 Tergaque
431 3382 567 3447 submisit,
586 3384 743 3449 ferrumque
760 3386 876 3436 umbone
894 3386 1010 3452 receptu

267 3444 323 3496 Sed
339 3446 411 3499 levis
429 3453 566 3501 extremas
584 3451 676 3516 clypei
692 3452 847 3516 perlabitur
864 3468 927 3505 oras
