2509 3917
428 805 705 926 11111111).

168 1039 313 1117 Magister
342 1038 483 1100 eilbertus
511 1038 675 1100 monachus
703 1038 818 1099 ordinis
840 1040 935 1099 sancti
959 1039 1053 1101 Bene·

94 1123 160 1184 dicti
187 1142 204 1183 e
232 1141 343 1201 genere
372 1122 489 1202 plebeio
517 1124 662 1184 oriundus
691 1132 818 1184 exeunte
845 1122 964 1184 saeculo
987 1130 1054 1203 post

92 1206 196 1270 Christ.
220 1216 279 1270 nat.
305 1207 358 1267 Xll
380 1210 411 1268 in
434 1208 592 1269 Germania
615 1206 841 1287 septentrionali
863 1208 978 1268 videtur
1001 1226 1052 1268 na·

94 1301 138 1354 tus
159 1311 236 1354 esse.
281 1292 346 1364 Ouo
369 1299 467 1354 tamen
489 1291 556 1355 loco
577 1290 684 1353 litteris
705 1291 893 1362 incubuerit,
917 1291 967 1352 ubi
990 1310 1052 1353 ma·

91 1378 208 1455 gislerio
238 1384 360 1438 ornatus
388 1378 442 1447 sit,
471 1395 530 1438 uon
558 1384 683 1438 constat.
729 1375 752 1436 Ε
781 1378 881 1456 sagaci
902 1376 975 1439 clari
997 1377 1053 1436 viri

92 1460 313 1541 Lappenbergii,
338 1479 417 1522 nunc
440 1460 588 1530 defuncti,
617 1463 765 1522 sententia
787 1470 892 1522 noster
913 1460 1053 1521 libertus

92 1547 227 1623 magister
260 1545 311 1607 ille
337 1544 475 1607 libertus
503 1545 540 1606 de
567 1544 687 1607 Ramslo
715 1543 832 1605 videtur
860 1546 968 1614 fnisse,
1001 1546 1054 1624 qui

24 1651 25 1654 ¹
93 1632 166 1691 iuter
180 1630 359 1691 Bremenses
382 1633 540 1692 canonicos
562 1631 592 1690 in
617 1629 718 1692 charta
739 1625 1051 1690 1111122411.11111

92 1709 217 1776 2311111
248 1716 456 1793 „praepositus
478 1713 701 1777 Ramsloeusis“
731 1714 901 1775 nominatur
930 1724 960 1774 et
982 1714 1052 1775 inde

95 1796 129 1858 ab
157 1816 233 1860 anno
259 1795 341 1860 1206
369 1800 503 1879 magistri
529 1798 616 1861 titulo
645 1817 705 1860 uon
734 1799 850 1877 adjecto
874 1816 1054 1860 commemo·

95 1891 183 1944 ratur.
228 1884 401 1945 Monasterii
416 1894 535 1946 sanctae
551 1884 663 1945 Mariae
685 1883 839 1944 Stadensis
860 1885 943 1963 prior
961 1884 1054 1944 factus

93 1968 120 2027 in
149 1967 357 2047 Chrislophcri
388 1968 503 2030 abbatis
525 1987 550 2028 a.
575 1968 604 2030 d.
625 1966 657 2029 4.
679 1968 743 2030 Kal.
765 1969 839 2045 bug.
870 1986 949 2029 auno
973 1962 1055 2028 1232

93 2051 218 2113 defuncti
240 2051 339 2114 locum
362 2055 504 2114 successit
532 2060 562 2114 et
584 2071 599 2113 a
621 2052 768 2115 Balduino
791 2052 930 2113 Livouiae
953 2051 1051 2130 legato

94 2135 241 2198 ordinatus
270 2147 325 2197 est.
370 2139 455 2199 Anno
484 2134 568 2200 1234
600 2140 713 2198 curiam
747 2135 911 2197 Romanam
942 2137 1054 2197 adiisse

96 2227 176 2300 atque
199 2223 328 2296 fratrum
351 2223 499 2283 minorum
523 2222 659 2283 ordinem
681 2223 838 2283 intravisse
860 2224 926 2300 ipse
948 2221 977 2282 in
1000 2239 1053 2281 au·

95 2303 204 2366 nulibus
232 2306 270 2367 ad
300 2324 368 2366 ann.
400 2302 483 2367 1240
509 2316 629 2374 narrat,
661 2306 698 2366 de
725 2307 832 2367 itinere
859 2303 910 2364 illo
938 2312 1050 2375 tamen,

95 2389 167 2467 quod
186 2388 323 2451 nonnulli
346 2409 415 2452 enm
440 2408 517 2451 auno
542 2387 623 2476 1238
653 2408 721 2451 cum
743 2389 879 2467 Adolpbo
902 2388 1052 2449 Holsatiae

96 2475 196 2534 comite
225 2475 333 2536 fecisse
356 2493 415 2535 non
438 2473 641 2537 verisimiliter
663 2474 798 2544 tradunt,
827 2472 901 2534 nibil
924 2492 1053 2534 comme·

97 2566 197 2620 morat.
240 2559 348 2620 Munus
377 2558 491 2621 abbatis
519 2577 586 2620 ann.
618 2555 701 2620 1242
730 2559 869 2639 deposuit
897 2566 927 2619 11
959 2566 1054 2619 totum

96 2659 125 2701 se
145 2640 251 2705 litteris
274 2650 305 2703 et
331 2643 439 2706 studiis
466 2645 557 2706 dedit.
603 2643 646 2705 lle
669 2652 765 2704 morte
793 2645 856 2705 eius
878 2641 955 2703 nibil
977 2646 1053 2703 11111

97 2734 213 2799 constat
237 2734 368 2789 attamen
391 2730 468 2789 circa
492 2725 694 2790 1111111264.
722 2725 803 2790 1265
825 2727 990 2788 decessisse
1006 2730 1053 2788 af-

96 2809 209 2873 firmare
231 2812 312 2874 licet.
628 2835 634 2840 ⁸

174 2897 256 2958 luter
274 2895 452 2973 „annalistas
485 2896 574 2958 medii
608 2899 673 2958 aevi
709 2915 879 2980 quanquam
915 2896 1055 2957 filbertus

97 2987 190 3042 noster
213 2999 273 3043 uon
296 2983 431 3044 infimum
455 2981 552 3043 locum
576 2980 707 3052 obtinet,
731 2983 814 3063 ejus,
838 2983 971 3062 quamvis
994 3000 1055 3041 ma·

97 3080 176 3140 gnam
199 3069 231 3127 iu
256 3065 410 3128 annalibus
434 3070 638 3144 cognitionem
660 3076 794 3128 veterum
810 3076 966 3145 poetarum
982 3084 1054 3145 prae

98 3164 126 3207 se
148 3150 280 3221 ferentis,
304 3152 432 3213 facultas
453 3155 572 3230 poetica
594 3150 716 3230 longum
738 3170 793 3231 per
816 3161 934 3230 tempus
956 3152 1056 3228 ignota

98 3229 185 3294 latuit
230 3235 316 3297 Nunc
340 3236 458 3298 demum
481 3255 550 3299 eurn
572 3237 700 3297 duorum
723 3238 887 3298 carminum
903 3243 1054 3296 auctorem

100 3321 299 3391 essescimus,
325 3340 394 3383 1111
417 3329 535 3401 praeter
558 3321 704 3392 Troilum,
728 3321 764 3382 de
786 3341 846 3402 quo
868 3337 937 3380 mox
959 3319 1054 3399 plura,

99 3401 126 3459 iu
141 3405 260 3481 antiquo
277 3405 410 3485 catalogo
426 3406 627 3468 bibliothecae
645 3406 941 3472 Bordesbolmieusis‚
967 3423 1055 3481 quem

102 3480 177 3548 1850
198 3499 299 3551 nostro
328 3489 417 3552 libro:
446 3489 757 3561 „Bibliotbekariscbe
786 3487 1054 3566 Unterlraltungen.
