2509 3917
1053 214 1117 278 205

151 364 284 425 Oioror
307 357 438 433 elirenis,
461 366 557 444 patuit
578 363 725 444 Neptunia
748 367 852 444 proeliis
1065 377 1116 425 215

198 448 286 528 Troja
310 446 378 508 dolo
399 447 517 527 iuvenis
539 449 655 528 prodita
678 447 865 527 Graiugenis.

150 531 282 594 Flamma
307 533 376 594 dein
399 532 486 594 sedes
507 540 538 593 et
560 549 664 611 regum
687 533 789 613 dejicit
809 535 908 603 aedes,

193 617 269 678 ilino
292 634 387 697 equus
410 618 445 679 ad
468 618 575 679 caedes
596 619 687 679 irruit
708 618 777 679 inde
798 618 900 698 pedes.

152 701 205 761 Vis
227 703 266 763 sit
286 700 422 762 habenda
445 701 527 771 lidos,
552 702 629 781 quod
654 702 744 763 miliia
767 712 881 764 sternat
902 704 1029 774 Atrides,

192 785 274 865 ljos,
297 785 417 860 Titides,
441 787 573 865 Pyrrhus
595 784 784 848 Acltilleides.
1063 798 1114 846 220

155 870 268 933 Instant
290 889 362 932 ense
383 878 492 941 truces
516 871 586 931 dum
609 872 736 934 flammis
758 871 847 951 'froja
868 871 996 943 reluces

87 1015 91 1034 ,
192 956 299 1017 Passus
321 954 425 1030 vincla,
450 973 566 1030 cruces,
589 957 788 1017 interimendo
810 959 912 1018 duces.

154 1039 284 1111 Quilibet
306 1041 413 1101 armati
438 1040 567 1118 primum
590 1047 673 1119 patet
693 1042 852 1121 impietati;

115 1175 124 1180 ,
193 1125 269 1186 Sunt
291 1125 368 1185 serie
392 1125 445 1185 iati
470 1131 512 1185 tot
533 1124 609 1186 mala
633 1123 715 1203 jussa
737 1127 807 1203 pati.

152 1209 322 1271 Caeduntur
343 1209 429 1288 pueri
449 1206 632 1288 juvenesque
655 1227 800 1289 senesque
822 1210 918 1273 severi
1066 1220 1116 1269 225

198 1292 293 1354 Omne
315 1291 385 1354 licet
406 1294 522 1363 sceleri,
547 1295 626 1374 qnod
650 1292 746 1355 scelus
769 1305 823 1364 est,
846 1295 920 1354 lieri.

155 1378 191 1439 vt
211 1375 289 1457 jacet
310 1376 413 1439 hostili
434 1394 529 1454 genus
551 1379 696 1453 Assaraci,
720 1396 814 1457 genus
836 1377 880 1447 lli,

193 1462 264 1540 lgne
285 1460 364 1523 lares
386 1462 457 1540 agili
479 1463 549 1523 sede
570 1461 674 1541 jacens
695 1462 812 1523 humili.

151 1544 234 1607 Tunc
255 1546 320 1608 lieri
342 1548 460 1609 cineres
482 1564 624 1625 gemmas,
648 1547 732 1617 ebur,
756 1556 844 1616 ostra,
869 1546 984 1607 videres

192 1631 278 1697 Tuoo
299 1629 417 1692 Danaos
439 1630 555 1692 celeres
575 1633 606 1692 in
630 1631 729 1694 scelus
750 1633 909 1711 aspiceres,
1065 1641 1117 1689 230

156 1716 309 1793 ispiciens
331 1714 420 1777 ilores
442 1723 487 1777 tot
507 1733 623 1795 parvos,
647 1724 691 1777 tot
713 1716 863 1786 mulieres,

192 1799 249 1859 Tot
270 1802 377 1879 perimi
398 1818 550 1880 proceres,
574 1809 678 1878 totque
701 1802 780 1862 viros
801 1810 927 1863 veteres.

150 1882 265 1962 Regum
288 1903 342 1946 rex
363 1886 478 1955 haeres,
502 1885 592 1964 periit
613 1883 703 1946 simul
724 1884 844 1946 Hecuba
867 1903 995 1965 moeres,

193 1968 233 2028 Ut
256 1986 366 2046 corpus
387 1969 510 2039 laceres,
532 1976 565 2029 ut
587 1968 688 2031 doleas
710 1987 845 2049 superes.

150 2051 234 2113 Alter
257 2051 408 2113 Homerus
432 2070 492 2121 ero,
516 2052 560 2113 vel
584 2054 689 2115 eodem
712 2051 807 2132 major
829 2052 968 2124 Homero,
1065 2063 1115 2111 235

191 2134 249 2195 'l'ot
271 2133 379 2197 classes
401 2154 527 2199 numero
549 2137 684 2199 scribere
706 2140 730 2198 si
753 2146 869 2217 potero.
953 2205 957 2208 ,

149 2221 260 2282 Utres
283 2220 422 2290 declarat,
445 2222 535 2299 igitur
556 2223 749 2296 fundamenta
772 2219 886 2282 locarat

193 2303 339 2375 Phoebus,
364 2315 394 2365 et
414 2314 555 2385 captarat,
578 2310 698 2368 moenia
720 2324 822 2366 vomer
845 2314 918 2367 arat

150 2388 187 2452 m
206 2389 239 2449 lit
260 2406 335 2468 opos
356 2387 479 2459 clarum,
503 2390 582 2470 qnod
605 2410 660 2452 rex
682 2390 852 2458 fabricarat,
876 2408 1030 2469 aquarum,

194 2472 299 2535 Lustra
322 2472 505 2545 leaenarum,
530 2474 660 2556 silvaque
683 2483 745 2537 tuta
768 2492 884 2554 parum.
1064 2485 1115 2534 240

152 2557 233 2617 Atria
254 2558 421 2634 milvorum,
443 2557 526 2619 locus
548 2567 579 2619 et
600 2558 742 2638 spelunca
764 2558 914 2639 luporum,

191 2642 304 2703 Pascua
328 2650 398 2704 sunt
419 2644 566 2722 pecudum
591 2643 708 2724 templa,
732 2645 856 2712 theatra,
879 2644 987 2710 lorum.

148 2724 191 2785 ld
214 2726 317 2786 vitium
340 2727 459 2788 thalami
483 2727 562 2805 quod
586 2728 734 2806 adaugent
756 2727 892 2808 Cypridis
913 2727 994 2790 hami

194 2810 307 2890 Vepres
330 2816 360 2871 et
381 2811 485 2873 calami
510 2829 601 2890 regna
623 2819 728 2873 tenent
749 2812 869 2873 Priami.

152 2893 296 2955 Culmiois
316 2894 397 2957 ldaei
418 2896 497 2975 quod
520 2897 614 2974 gloria
636 2898 781 2977 perniciei
1063 2908 1113 2956 245

192 2978 242 3039 Sic
264 2979 362 3060 datur,
386 2979 510 3041 illudei
533 2981 660 3042 contulit
680 2983 723 3041 ira
747 2981 805 3043 dei.

148 3060 223 3123 Bum
247 3064 290 3125 sic
312 3063 403 3144 'l'roja
426 3064 508 3124 cadis
530 3073 631 3126 tantae
652 3065 823 3126 discrimine
846 3064 946 3136 cladis,

190 3149 320 3209 Aeneam
342 3147 448 3219 tradis,
471 3157 560 3228 teque
583 3157 738 3229 ratemque
760 3150 850 3212 vadis.

148 3229 185 3290 Et
205 3231 305 3293 Venus
326 3232 397 3294 huic
416 3233 487 3294 muti
510 3232 655 3295 subduxit
675 3233 797 3312 provida
818 3236 905 3315 proli,

190 3314 267 3377 Huic
290 3316 389 3377 domui
411 3316 465 3378 soli
488 3316 529 3378 uil
553 3336 685 3380 nocuere
707 3317 776 3381 dott.
1062 3328 1113 3377 aso

147 3396 308 3479 Hesperiae
329 3409 424 3462 metas
447 3402 501 3461 tihi
524 3400 610 3481 longa
633 3402 830 3483 spoponderit
852 3413 943 3473 aetas,
1042 3425 1044 3430 ·

190 3482 232 3545 'l'e
255 3495 353 3546 servat
375 3488 480 3564 pietas,
504 3494 537 3547 ut
559 3504 633 3548 nora
657 3505 749 3567 regna
772 3497 865 3565 petas.
