2509 3917
366 165 429 216 Lib.
447 165 500 221 111.
535 183 561 221 v.
579 168 723 222 ott-ata.

55 315 196 376 Induitur
218 313 330 390 trabea,
355 316 406 376 sed
430 315 508 378 nulla
531 323 665 397 potentia
686 319 774 399 longa

102 398 249 460 Persolrit
271 408 370 478 grates
392 401 590 480 imperitando
613 405 724 465 sedem.

54 482 124 544 Non
147 483 246 562 placet
266 484 410 545 Aeacidae
432 487 517 564 regni
539 490 679 559 mutatio;
702 507 791 570 saepe

100 569 161 628 Res
184 586 252 629 cunr
276 570 412 647 personis
434 588 467 630 se
490 572 603 632 variare
625 570 732 638 solent.
802 595 812 620 ·
979 587 1030 638 666

235 731 378 786 menon
395 732 571 788 6666666
590 706 648 789 66
659 736 855 794 enormen.

57 836 177 898 Interea
200 835 278 897 binis
301 839 420 899 emissis
441 839 598 901 mensibus
622 849 651 901 et
672 860 730 920 pax

101 921 155 982 Est
178 919 269 981 simul
292 923 408 992 emissa,
432 922 464 982 iit
486 940 576 983 sonus
598 923 710 1005 absque
733 945 824 995 mora.

58 1004 169 1067 Educit
191 1005 322 1066 Graecos
344 1005 526 1077 Palamedes,
550 1007 655 1069 bellica
679 1012 763 1088 signa

99 1090 261 1157 lustaurat
286 1108 398 1152 cuneos
420 1091 547 1161 ordinat,
571 1104 653 1153 arma
676 1094 760 1156 levat.

58 1174 169 1235 Contra
192 1173 362 1253 Deiphobus
385 1174 528 1256 Phrygios
549 1177 580 1237 in
603 1177 718 1255 proelia
741 1179 832 1250 ducit,
977 1191 1027 1241 655

101 1258 303 1327 Concurrunt,
326 1267 469 1336 pugnant,
492 1260 611 1321 fortiter
634 1280 715 1324 arma
738 1272 853 1324 sonant.

58 1342 102 1403 lle
126 1342 215 1422 Lycia
238 1341 392 1422 Sarpedon
415 1342 499 1404 adest
521 1352 551 1404 et
573 1348 603 1405 in
628 1349 747 1423 agmine
770 1350 875 1410 miscet

100 1427 233 1488 Vulnera
256 1426 421 1496 lunaribus,
444 1427 548 1488 lunera
573 1427 758 1491 vulneribus.
810 1499 814 1515 ἢ

58 1510 126 1571 Tali
149 1509 349 1589 Triptolemus
369 1512 484 1591 jactura
507 1519 606 1574 motus
630 1517 726 1575 aunei

102 1594 224 1674 lmpetit
245 1594 325 1656 bunc
347 1595 454 1666 animo,
479 1612 568 1671 quem
591 1597 700 1676 premit
722 1596 833 1675 absque
856 1616 950 1663 mora.
979 1609 1029 1661 660

57 1679 219 1758 Temperat
240 1677 289 1739 ille
310 1679 432 1740 modum
455 1681 656 1759 reprimendo,
680 1699 736 1744 nec
758 1683 908 1744 moderari

103 1762 284 1823 Obsistendo
307 1762 395 1824 modo
417 1763 550 1842 pervalet
571 1762 621 1829 ille
645 1764 775 1826 tnodum.

59 1846 125 1907 Non
148 1846 225 1907 ridet
246 1848 363 1908 fortuna
388 1847 446 1915 diu,
470 1848 560 1907 nimis
582 1849 808 1911 immoderatum

102 1929 241 1992 Vulneris
262 1930 373 2010 injectu
395 1949 478 1992 mors
502 1931 674 1993 moderatur
696 1933 813 2000 berum.

60 2015 93 2075 ln
118 2015 230 2077 bellurn
253 2016 359 2077 Perses
381 2015 516 2076 succedit
538 2035 665 2096 eumque
687 2026 810 2098 repente
831 2086 835 2097 ,
979 2032 1028 2081 665

103 2099 259 2179 Sarpedon
283 2101 397 2170 sternit,
421 2107 557 2161 mortuus
580 2099 629 2160 ille
653 2101 739 2162 cadit.
841 2130 846 2136 ·

60 2185 170 2245 llixtim
193 2203 225 2244 66
248 2186 374 2264 populus
396 2185 564 2253 obtruncat,
588 2193 690 2246 mutuo
713 2195 849 2255 mactant,

103 2268 296 2342 Sternuntur,
320 2277 468 2337 sternunt,
492 2266 586 2328 millia
608 2269 699 2330 multa
722 2271 839 2330 cadunt.

61 2351 195 2420 Ridetur‚
221 2351 330 2414 chorda
354 2354 405 2432 qui
427 2369 545 2429 semper
568 2353 689 2413 oberrat
712 2349 825 2424 eadem,

104 2435 244 2507 Quamvis
268 2439 308 2497 sit
329 2437 432 2497 doctus
456 2446 485 2496 et
507 2438 660 2497 citharista
685 2437 788 2498 bonus.
979 2450 1029 2500 666

63 2520 189 2582 Vocibus
212 2523 325 2582 instare
347 2539 401 2582 nos
424 2539 542 2598 semper
564 2529 646 2599 optat
668 2520 794 2582 eisdem:
1079 2529 1081 2537 '

104 2606 296 2674 Sternuntur,
319 2611 462 2674 sternunt,
486 2605 580 2666 millia
603 2606 696 2666 multa
719 2607 836 2667 cadunt.

65 2686 149 2748 Certe
173 2706 264 2766 saepe
287 2689 374 2752 docet
395 2707 450 2751 nos
465 2688 590 2749 ‘cordam
614 2699 746 2767 tangere,
770 2709 823 2768 per
846 2710 934 2769 quarn

104 2772 207 2833 llebita
230 2777 412 2853 praecipitur
435 2775 554 2852 saepius
575 2776 620 2834 ire
643 2782 722 2834 nota.

65 2855 161 2933 Pugna
186 2858 306 2933 quidem
329 2875 444 2935 magna,
468 2859 563 2939 major
582 2858 732 2939 jactantia,
756 2869 870 2947 strages
981 2872 1029 2922 oto

104 2941 231 3002 Maxima
255 2941 394 3012 desaevit,
418 2941 502 3021 plebs
524 2946 608 3021 quasi
630 2943 743 3020 grando
766 2946 836 3005 ruit.

130 3113 188 3164 650.
208 3109 274 3162 (too.
289 3110 444 3176 protheare.
458 3126 565 3175 margo:
584 3116 696 3162 mutare.
733 3113 790 3165 651.
804 3112 915 3177 Margo:
930 3114 1030 3180 Pugna

16 3180 17 3239 ζ
69 3175 129 3239 XII,
147 3179 176 3227 in
195 3193 248 3242 qua
267 3178 409 3243 Sarpedon
428 3192 474 3227 rex
491 3179 595 3240 Lyciae
614 3180 714 3230 occidit
731 3180 934 3246 Triptolemum.

69 3244 123 3293 669.
141 3246 186 3296 'iti¹⁴
201 3248 241 3298 71.
261 3246 367 3309 Margo.
387 3245 433 3295 bic
451 3250 565 3295 excusat
584 3262 613 3295 se
633 3252 728 3298 auctor
745 3263 826 3312 super
838 3264 880 3310 eo,
900 3247 972 3313 quod
986 3262 1030 3299 co-

17 3338 18 3361 r
69 3310 140 3374 gitur
157 3327 242 3377 saepe
263 3313 358 3363 eedem
376 3317 506 3378 repetere.
541 3313 608 3364 Hor.
625 3312 677 3366 Ars
697 3321 767 3380 poet.
787 3318 845 3368 355.
864 3316 904 3365 56.

148 3380 278 3441 Quamvis
298 3386 342 3430 eet
359 3380 487 3443 monitus,
506 3381 588 3431 venia
606 3391 695 3445 aaran
716 3388 745 3432 at
764 3382 936 3434 citharoedus

147 3447 271 3519 Ridetur,
292 3448 394 3498 chorda
413 3447 460 3511 qui
477 3463 585 3515 semper
603 3451 721 3511 oberrat
735 3450 837 3505 eedem.
857 3457 860 3461 '
