2509 3917
107 207 112 212 .
150 156 171 221 6

151 310 220 372 liter
242 308 278 371 ad
302 327 406 371 omnes
427 309 590 389 scriptores
612 308 759 389 pertinet,
789 312 874 390 quasi
896 309 1045 387 quandam
1068 327 1124 370 au·

151 413 235 456 ream
257 397 357 456 vittam
381 396 551 463 constituit,
575 413 635 474 quo
658 402 688 456 et
709 412 795 455 meus
816 397 947 456 auctoris
969 401 999 454 et
1021 392 1124 454 eldea·

153 482 198 542 cia
222 482 314 541 totius
330 480 432 559 operis
448 477 604 547 decessit:
628 478 809 540 scribentem
823 496 933 558 nempe
952 479 1015 558 ipse
1034 475 1124 539 labor

154 563 283 625 delectat
310 571 339 625 et
365 563 445 625 idem
473 563 558 625 labor
585 561 750 625 laborando
778 564 937 633 minuitur,
966 562 1037 624 dum
1065 579 1124 641 per

157 656 342 711 crementum
365 650 465 728 operis
487 648 545 728 bis,
568 649 618 728 qui
641 651 673 709 in
696 646 824 728 alicujus
847 651 892 709 rei
916 647 1015 710 studio
1037 645 1124 707 labo·

152 742 235 805 rant,
271 736 366 812 magis
393 751 428 794 ac
456 735 551 811 magis
578 732 615 794 ad
638 734 787 795 terrorem
810 733 901 795 studii
929 738 1124 812 provocatur.

153 817 307 897 Siquidem
331 817 456 880 Ouidius
478 816 569 900 [Fast.
591 818 613 888 Ι,
636 814 713 897 216]

216 903 280 975 Ouo
302 903 370 983 plus
391 911 462 964 sunt
482 912 570 982 potae
592 900 661 982 plns
683 902 825 963 sitiuntur
847 919 950 979 aquae.

237 988 274 1048 Et
297 987 333 1047 de
356 1004 477 1048 accessu
500 988 574 1048 haec
597 986 676 1048 dicta
698 987 853 1049 sufficiant.

238 1070 355 1132 Titulus
385 1068 453 1132 talis
481 1080 541 1133 est:
576 1072 683 1151 Incipit
712 1069 840 1133 Troilus.
885 1072 940 1132 llio
969 1070 1047 1132 liber
1075 1077 1125 1131 est

157 1156 253 1217 dictus
275 1155 394 1217 Troilus
422 1164 544 1237 propter
569 1156 718 1235 quandam
745 1155 969 1218 similitudinem
991 1156 1125 1217 nominis
1238 1177 1239 1192 ¹

153 1239 242 1301 modo
265 1248 500 1320 competentem,
531 1249 563 1302 ut
585 1240 705 1303 Troilus
727 1242 806 1321 quod
829 1240 970 1312 Troicus,
999 1259 1068 1301 eum
1092 1247 1124 1301 et
1239 1261 1240 1276 ¹

151 1326 216 1402 ipse
237 1326 361 1386 Troicus
383 1326 474 1385 tuerit
495 1332 525 1385 et
540 1322 664 1402 Trojaoi
686 1329 766 1405 regis
787 1343 841 1387 seu
855 1325 967 1386 Priami
988 1324 1068 1385 filius
1090 1332 1124 1385 et
1240 1345 1241 1358 ¹

152 1409 243 1471 sortia
277 1409 354 1471 lacta
382 1410 412 1470 in
446 1407 551 1470 eodem
587 1407 666 1471 bello
697 1412 837 1489 gesserit,
868 1408 915 1470 vel
943 1408 1011 1470 ideo
1040 1409 1124 1487 qood
1241 1427 1242 1448 ¹

153 1493 235 1556 idem
251 1492 373 1556 Troilus
394 1495 518 1556 fratrum
541 1513 665 1556 suorum
686 1497 831 1556 minimus
853 1501 917 1556 erat
939 1502 969 1554 et
987 1492 1122 1564 ultimus,

154 1584 294 1641 strenuus
320 1585 437 1649 tamen,
469 1588 499 1642 et
527 1580 578 1640 bic
605 1577 682 1641 liber
709 1580 777 1660 quia
805 1579 842 1640 de
870 1578 973 1639 eadem
995 1578 1123 1639 materia

155 1671 201 1724 est
223 1672 389 1734 extremus,
419 1662 500 1724 utilis
529 1671 626 1724 tamen
651 1664 702 1725 tali
725 1674 770 1725 est
792 1664 913 1724 nomine
935 1680 996 1723 noo
1018 1664 1122 1723 incon·

154 1763 227 1824 grue
251 1746 415 1826 appellatus
437 1754 515 1808 teste
537 1747 660 1809 Horatio
684 1743 752 1830 [Ars
772 1754 853 1827 poet.
876 1743 933 1827 58]

647 1831 731 1893 licuit
752 1848 932 1910 semperque
954 1829 1057 1892 licebit

218 1914 372 1993 Signatum
395 1922 552 1996 praesente
574 1924 643 1977 nota
667 1914 835 1997 producere
857 1913 1007 1995 nomen¹t

239 2000 277 2060 Et
292 2007 324 2061 nt
339 1998 458 2060 facilius
472 1998 565 2060 lector
578 2018 732 2082 quaequae
748 2002 865 2077 quaerit
879 2002 1011 2062 inveniat
1025 2007 1122 2061 totum

153 2100 228 2163 opus
250 2093 318 2145 ante
341 2083 548 2145 distinctiones
569 2103 624 2164 per
647 2083 774 2164 capitula
799 2085 940 2147 declarat.
1025 2151 1041 2172 ⁸

476 2248 537 2313 DE
559 2248 796 2315 PROOEMIO.

231 2389 373 2466 Impetus
387 2391 438 2450 ille
452 2406 542 2451 secer
556 2395 584 2449 et
597 2396 711 2450 cetero.
747 2388 810 2448 Hoc
825 2390 1013 2466 prooemium
1033 2405 1121 2468 prae·

155 2474 248 2535 mittit
269 2483 374 2535 auctor
395 2472 552 2552 priucipali
574 2475 729 2552 proposito
752 2488 896 2533 excusans
919 2489 951 2531 se
973 2490 1063 2552 super
1086 2490 1122 2531 eo

153 2557 232 2635 quod
261 2558 435 2618 hexametro
464 2563 494 2616 et
520 2562 707 2635 pentametro
737 2557 884 2635 processit
912 2565 1023 2625 metro,
1052 2573 1122 2616 oum

153 2650 237 2719 gesta
265 2642 389 2701 sortium
418 2647 448 2700 et
475 2638 551 2700 bella
576 2639 667 2700 scribi
690 2637 854 2701 debeantur
881 2646 976 2701 metro
993 2640 1122 2701 -beroico

153 2732 186 2786 ut
208 2727 296 2786 docet
316 2725 455 2785 Horatius
476 2725 507 2785 in
530 2726 647 2803 poetica
671 2724 706 2802 (v.
731 2720 780 2803 73)

217 2810 276 2870 lies
298 2815 399 2887 gestae
421 2823 586 2890 regumque
609 2808 780 2887 ducumque
803 2815 834 2868 et
855 2807 941 2868 tortia
964 2805 1072 2883 bella2)

218 2893 283 2964 ero
305 2891 396 2955 scribi
420 2902 477 2955 etc.

154 2985 185 3040 et
205 2976 296 3057 hujus
318 2978 388 3038 libri
410 2981 533 3040 materia
557 2978 595 3039 sit
616 2995 716 3058 pugna
733 2977 865 3036 virorum
880 2974 1036 3047 nobilium,
1061 2975 1120 3036 ior·

154 3064 229 3124 tium
258 3070 287 3124 et
314 3070 521 3138 magnatorum
550 3069 578 3123 et
604 3071 705 3123 tamen
742 3059 792 3120 tali
825 3062 959 3121 carmine
991 3078 1051 3139 non
1084 3062 1123 3121 sit

155 3144 286 3227 prolata;
310 3149 464 3227 proposito
485 3147 633 3227 siquidem
650 3146 728 3223 quod
745 3145 854 3207 invitus
872 3145 950 3207 hano
965 3146 1122 3208 materiam

154 3300 357 3310 ——-——--

224 3381 252 3448 1)
281 3383 362 3451 Apud
390 3384 549 3435 Horatium:
579 3380 730 3449 procudere
762 3395 909 3432 nummum·
983 3377 1013 3445 2)
1044 3377 1124 3446 Apud

154 3450 252 3502 Horat.
270 3452 363 3504 tristia
380 3453 409 3505 b.
