2509 3917
404 230 466 285 nio.
484 230 534 286 111.
568 247 595 286 v.
614 232 758 284 aea-aas.
803 212 808 217 “
1032 230 1073 295 97

101 384 143 444 lle
164 384 255 462 Mysia
276 381 367 442 rediit
389 383 591 460 Agamemnon
614 400 682 443 cum
705 385 846 446 comitatu

140 467 263 527 Militiae
284 465 415 545 grandis,
438 466 574 545 frugibus
596 475 687 545 atqua
709 467 791 529 cibis.

149 613 274 669 VERBA
291 612 424 668 PRIAMI
440 612 549 666 REGIS
567 614 618 667 AD
637 613 816 670 HECUBAM
833 612 1014 670 REGINAM.

100 719 174 797 Regi
194 720 297 797 regina
320 725 420 779 votum
443 717 575 789 declarat
595 718 733 780 Achillis:

142 803 175 864 ln
196 820 287 864 venas
309 804 389 863 venit
409 802 487 872 buic,
511 803 552 864 ait
573 801 634 873 illa,
659 805 759 864 Venus
767 822 784 874 ;·
1019 814 1070 864 760

97 886 130 946 Si
152 888 283 948 societur
305 888 333 946 ei
357 893 406 947 tua
428 894 498 948 nata
519 887 678 965 Polyxena,
702 887 830 967 spondet

91 996 94 1007 ·
141 971 287 1032 cessuros
309 972 406 1049 patria
429 988 521 1050 seque
544 988 673 1051 suosque
694 978 756 1033 tua.

100 1052 152 1114 lllo
175 1053 312 1124 cedente,
336 1072 405 1115 eum
428 1054 465 1114 de
487 1054 656 1133 potioribus
678 1073 756 1116 unus

142 1138 198 1212 Sit,
219 1138 326 1215 reliqui
349 1138 466 1206 cedent,
489 1145 612 1218 totaque
636 1139 713 1201 bella
736 1139 851 1201 cadent.

96 1221 153 1283 (lui
177 1239 246 1282 rex:
270 1240 422 1284 assensum
446 1238 506 1282 non
527 1221 669 1302 praebeo,
690 1240 750 1284 non
773 1227 842 1304 quia
866 1224 918 1287 tali
1017 1235 1067 1285 ‘tao

140 1306 207 1367 Non
230 1307 307 1367 bene
330 1308 487 1367 conveniat
508 1308 569 1369 tilia
591 1315 694 1369 nostra
716 1310 796 1379 viro;

95 1390 156 1451 Sed
181 1407 259 1467 quae
281 1393 438 1470 promittit,
462 1390 568 1453 ellectu
591 1391 730 1452 claudere
752 1392 863 1461 nesclt;

138 1475 300 1536 Promissis
323 1475 406 1536 dives
427 1474 554 1554 quilibet
576 1494 644 1537 esse
667 1483 774 1555 potest.
843 1509 847 1517 ·

96 1558 152 1619 llio
177 1559 271 1629 cedat,
294 1559 460 1639 cedantque
482 1561 544 1628 sui;
569 1557 747 1620 cedentibus
769 1558 829 1620 illis

138 1642 248 1704 Graeci
271 1659 330 1705 non
351 1642 473 1714 cedent,
496 1646 620 1723 ipsaque
643 1643 720 1704 bella
743 1652 873 1706 manent.
1016 1654 1068 1706 770

94 1725 181 1788 Adde
204 1726 283 1805 quod
307 1737 352 1788 est
372 1727 520 1798 vitiosum,
544 1728 624 1788 hosti
647 1728 766 1789 tradere
788 1735 886 1790 natatu

100 1812 105 1816 ’
137 1810 217 1872 Num
240 1830 334 1890 gener
356 1820 442 1891 aptus
464 1814 522 1873 erit
544 1829 620 1880 cras.
644 1814 785 1874 inimicus
806 1813 893 1879 berit

96 1894 216 1957 Reddat
236 1903 398 1975 perpetuae
420 1894 491 1957 belli
513 1896 572 1957 duo
593 1914 706 1957 cornua
728 1899 803 1975 paci,

65 1982 74 2057 j
136 1980 260 2057 Virgine
281 1982 326 2040 sic
349 1982 458 2058 poterit
480 1980 516 2040 ad
539 1999 593 2041 sua
614 1991 681 2041 voto
704 1982 775 2042 frui.

67 2094 73 2169 ἶ
184 2125 329 2181 ananan
347 2126 509 2183 nunnius
527 2127 672 2182 tenram
689 2127 815 2183 vunnu
831 2127 969 2188 Patami.

94 2233 126 2294 Si
148 2250 210 2292 nox
231 2231 318 2311 longa
341 2232 449 2311 quibus
470 2235 615 2293 mentitur
638 2233 742 2303 amica,
757 2233 900 2312 ‘prolecto
1014 2244 1064 2294 775

135 2316 270 2396 Longior
293 2323 339 2378 ost
361 2315 442 2386 nulli,
466 2335 554 2396 quem
576 2315 654 2376 levat
676 2315 727 2377 illa
748 2316 849 2378 modo.

92 2400 207 2463 Noctes
228 2402 380 2462 insomnes
401 2399 505 2462 infelix
527 2400 610 2462 ducit
631 2400 770 2470 Achilles,

136 2483 268 2563 Pervigil
289 2488 407 2547 incusat
428 2484 527 2546 sidera
549 2484 634 2546 tarda
656 2485 756 2553 nimis,

90 2569 129 2630 Et
151 2587 234 2629 nnnc
256 2569 401 2631 cantando
422 2568 528 2648 longos
550 2568 694 2630 seducere
716 2569 803 2639 soles,

135 2654 225 2715 Nunc
248 2652 449 2725 auscultando,
473 2671 554 2715 nunc
575 2653 732 2714 recitando
754 2652 860 2716 studet.
1011 2664 1062 2715 780

91 2737 199 2798 Stabat
220 2739 277 2799 fixa
300 2738 374 2809 dies,
397 2736 549 2818 mediique
571 2738 725 2799 cacumine
747 2736 824 2799 coeli

135 2820 189 2882 Sol
210 2829 293 2882 tenet
315 2830 471 2884 aeternum
493 2821 701 2902 perpetuando
723 2821 814 2884 diem.

86 2904 250 2971 'Accelerat
272 2906 415 2968 lamulum
437 2908 639 2968 transmittere
661 2906 760 2968 denuo
782 2909 871 2970 miles

136 2989 179 3050 De
200 2989 291 3051 verbo
312 2992 424 3053 Priami
446 2992 558 3053 certior
580 3007 646 3051 esse
670 2990 784 3053 volens.

91 3071 185 3152 Cujus
206 3091 382 3153 responsum
405 3076 546 3155 patefecit
566 3083 599 3136 ut
622 3074 743 3136 Hecuba
765 3094 860 3147 servo,
1010 3087 1061 3137 785

134 3157 188 3218 llle
210 3159 305 3219 relert
327 3160 449 3221 domino
471 3157 588 3236 singula
610 3158 700 3219 verba
723 3177 788 3222 suo.

90 3294 296 3304 ——·—-—

160 3378 219 3428 757.
238 3377 298 3430 eod.
316 3380 430 3431 Moesia.
498 3379 555 3431 768.
576 3376 655 3429 Ovid.
672 3376 726 3429 Ars
745 3395 798 3436 am.
813 3379 838 3443 1,
857 3381 908 3433 444

283 3446 423 3498 Pollicitis
442 3446 520 3498 dives
539 3445 658 3510 quilibet
677 3461 737 3519 ease
755 3451 855 3513 potest.

90 3512 150 3562 776.
168 3512 246 3563 nullo
264 3512 349 3571 levat.
367 3515 453 3567 schol.
473 3513 640 3567 consolatur.

142 3600 235 3643 Troilus.
840 3600 855 3647 7
