2509 3917
439 208 504 260 Lib.
521 208 571 260 ΙΙΙ.
606 226 633 263 0.
652 209 796 262 tta-388,

45 427 49 433 ,
134 361 257 443 Somnia
280 378 318 420 ne
340 358 454 429 credes,
479 361 519 421 ait
539 359 659 432 Hector,
681 361 785 422 iallere
808 371 927 432 norunt,

177 444 222 505 110
245 443 414 525 superbae
437 450 526 506 nem'o
550 444 639 507 debet
660 445 771 508 babere
794 446 892 509 tidem.
1131 498 1138 509 .

135 531 243 592 Omnia
265 547 342 609 quac
364 546 453 591 00000
475 529 634 591 volvuntur
656 539 723 592 rota
746 531 863 607 diurno,
1050 542 1099 592 300

177 615 302 675 Pectore
324 617 421 693 sopito
444 614 543 675 reddit
565 616 660 675 amica
683 617 776 696 quies.

132 701 264 760 Venator
286 694 401 760 defessa
422 698 510 759 thoro
533 717 601 760 oum
624 700 760 761 membra
783 700 908 780 reponit,

177 784 261 845 Mens
284 793 381 844 tamen
405 784 442 843 ad
464 782 563 853 silvas,
586 785 623 844 ad
646 803 698 845 sna
720 784 813 846 lustra
835 786 920 846 redit.
1017 848 1019 853 ,

134 868 221 942 Quod
244 869 328 928 timet
350 873 401 928 aut
422 875 522 948 sperat
544 876 596 929 aut
617 868 696 948 quod
719 869 872 931 meditatio
894 872 1011 941 lormat,

177 952 264 1024 Quod
286 951 439 1032 pausando
460 953 549 1032 jacet,
573 971 662 1032 saepe
685 954 788 1014 ridere
810 953 894 1015 00100.
1049 962 1100 1013 370

133 1037 267 1107 Femina,
291 1037 419 1117 quando
432 1055 504 1098 suus
526 1039 569 1097 rir
591 1040 622 1097 in
646 1038 845 1100 anxietatibus
867 1039 979 1110 haeret,

175 1122 240 1182 Hoc
263 1122 342 1182 ridet
361 1124 393 1182 in
416 1123 536 1191 somnis,
560 1123 639 1201 quod
662 1121 809 1202 vigilando
833 1125 926 1185 timet

46 1212 48 1215 ’
133 1206 252 1268 Frivola
274 1206 382 1275 vidisti,
406 1205 581 1267 muliebrem
603 1224 681 1286 pone
705 1210 874 1277 timorem,

176 1290 310 1353 Flectere
331 1310 391 1352 non
413 1290 504 1352 debet
526 1310 578 1352 cor
600 1290 745 1353 muliebre
768 1293 873 1354 rirnm.

131 1376 175 1438 Ad
198 1375 350 1438 Priamum
366 1376 478 1444 001001ος
503 1377 549 1436 lac
571 1393 634 1447 rex,
657 1379 733 1456 petit
754 1374 813 1444 illa,
837 1376 963 1455 maritus
1048 1384 1098 1433 370

175 1458 237 1521 Hac
260 1462 325 1521 rice
347 1478 385 1521 00
407 1461 509 1521 Μο0010
532 1463 704 1538 experiatur
727 1477 810 1538 opus

130 1544 197 1623 Rex
220 1544 357 1605 Paridem
378 1544 464 1624 jubet
485 1551 514 1605 et
537 1544 682 1605 Helenum
705 1543 900 1622 Troilumque
922 1544 1035 1608 vocari:

175 1630 315 1689 Memnon
337 1637 366 1688 et
389 1632 503 1690 Aeneas
526 1631 763 1690 concomitantur
787 1637 848 1689 000.

130 1713 191 1774 Vos
213 1712 293 1774 acies
315 1721 422 1792 aptate,
447 1716 549 1782 001000,
573 1732 610 1773 00
629 1720 724 1773 exeat
741 1712 859 1782 Hector,

174 1797 320 1858 Effectum
343 1796 462 1876 capiant
482 1804 515 1859 nt
537 1816 603 1858 mea
625 1797 725 1867 verba,
749 1814 867 1876 precor.
1049 1805 1100 1856 300

199 1959 456 2017 0000000000
473 1948 679 2016 reserarier
697 1961 844 2015 000000
861 1925 1030 2016 fluorem.

129 2067 244 2128 Hector
266 2065 302 2126 ad
324 2066 551 2127 Andromachen
573 2068 619 2128 ira
642 2067 958 2135 mediante'cucurrit,

173 2153 263 2212 Arma
285 2153 420 2230 poposcit
442 2152 566 2211 ethaeo
589 2150 791 2231 obstupefacta
813 2153 905 2211 stetit.

115 2237 309 2314 ,Astyanacta
332 2237 419 2314 rapit,
442 2243 585 2314 reputans
608 2234 686 2315 quod
711 2236 788 2296 lilius
810 2235 860 2295 illo

173 2320 278 2380 Posset
299 2319 336 2379 ab
359 2319 440 2380 dicto
462 2338 514 2380 cor
536 2337 678 2380 revocare
701 2318 803 2397 patris.
824 2326 827 2332 “

130 2404 249 2481 Detegit
271 2403 351 2464 hunc
374 2403 469 2482 ajens:
492 2413 542 2464 tna
564 2404 670 2473 forma,
694 2404 854 2463 tenerrime
878 2399 934 2461 filil
1048 2408 1119 2458 385·

173 2487 294 2548 Patrem
316 2495 495 2567 compescat,
518 2506 556 2548 00
579 2487 667 2550 modo
690 2486 767 2547 bella
790 2494 884 2563 gerat.

130 2572 170 2632 Sc
193 2581 280 2651 pater
303 2572 339 2632 ad
361 2591 490 2652 puerum
512 2571 658 2643 submisit,
682 2588 783 2631 amore
806 2578 930 2647 paterno

103 2710 113 2727 ,
171 2657 268 2717 Parvo
291 2666 413 2723 conatus
427 2655 536 2717 oscula
558 2656 751 2735 pervadare.

198 2825 257 2874 363
278 2822 357 2874 (lato.
377 2824 448 2874 Dist.
466 2823 504 2886 11,
524 2826 564 2874 71

197 2892 312 2941 Somnia
329 2907 364 2940 ne
382 2906 472 2952 cures;
491 2906 556 2940 nam
574 2888 652 2940 mens
669 2890 789 2940 humana
806 2891 878 2954 quod
897 2895 995 2970 optans

196 2959 269 3009 Dum
287 2958 396 3024 vigilat,
415 2929 517 3023 speiat,
536 2975 585 3022 per
603 2973 726 3008 somnum
744 2961 833 3007 cernit
849 2957 904 3006 id
897 2974 995 3022 ipsum.

129 3028 274 3078 aco-368.
293 3027 427 3090 depromti
446 3025 597 3075 Claudiani
621 3027 742 3075 carmine
760 3026 812 3076 XX
828 3040 855 3075 v
875 3027 950 3076 1-4.
1037 3026 1096 3076 369.

128 3096 169 3144 70.
188 3094 306 3142 imitatio
326 3093 470 3142 Claudiani
488 3094 549 3157 XX,
568 3096 635 3143 7-9

247 3161 334 3211 Furto
353 3159 458 3224 gaudet
476 3176 580 3222 amans,
599 3164 716 3226 permut
696 3164 737 3209 tat
755 3158 851 3209 navita
869 3174 975 3211 merces

211 3252 214 3258 ‡
281 3227 319 3277 Et
336 3227 406 3292 vigil
424 3225 536 3292 elapsas
554 3227 664 3292 quaerit
682 3241 782 3277 avarus
801 3241 876 3292 opes.

248 3293 411 3358 Blandaque
429 3295 547 3360 largitur
564 3295 668 3346 frustra
686 3293 842 3345 01110001ου0
862 3294 953 3358 aegris

249 3363 405 3427 irriguus
425 3361 516 3426 gelido
534 3362 633 3427 pocula
653 3363 729 3412 fonte
749 3377 837 3425 sopor.

127 3433 186 3482 373
205 3406 365 3480 muliebrem
389 3446 437 3495 pro
461 3429 519 3480 cod.
543 3430 731 3480 muliebreme.
817 3431 876 3482 374
896 3426 1029 3476 muliebre
1046 3400 1095 3490 prb

127 3498 187 3549 cod.
206 3498 330 3549 muliero.
399 3500 457 3550 383.
477 3499 584 3564 Margo
620 3499 750 3548 Aelianas
769 3495 841 3546 111100
859 3495 997 3544 Hectoris.

857 3576 893 3625 60
