2509 3917
163 149 207 214 40
493 150 555 201 nus.
575 150 612 201 11.
648 166 673 201 v.
692 151 801 201 sr-cs.

167 301 323 366 Blanditiis
346 312 410 364 erat
431 302 558 380 insignis
580 287 677 370 soror,
700 318 754 361 ore
775 269 886 381 pusilio

205 385 346 457 Pulchra,
369 404 486 457 serena,
509 385 630 455 decens,
653 385 846 463 simplicitate
867 386 982 463 rigens.

168 470 258 534 Laeta
280 469 439 549 supercilia
462 468 563 532 notula
586 468 736 531 mediante
760 477 870 537 notata,

207 556 290 618 Meus
312 555 420 617 lasciua
442 554 510 624 luit,
534 552 667 616 membra
691 554 800 615 decora
822 553 901 615 tulit.

429 715 547 774 DUOES
568 715 861 772 DESCRIBUNTUR.

127 867 131 873 -
167 823 231 885 llex
252 821 314 884 ibat
335 822 471 884 Priamus
493 823 625 903 aquilino
649 839 776 902 corpore
798 839 933 900 magnus,

206 906 296 967 Vultu
317 906 445 986 pulcher
466 916 542 977 erat,
565 908 696 969 suaviter
718 924 772 967 ora
792 924 930 976 morens;

163 990 275 1052 Hector
297 999 363 1052 erat
386 992 513 1071 crispus,
536 990 682 1052 memhris
703 989 886 1069 pernicibus,
909 990 1006 1061 albus.

210 1074 313 1136 Stabat
334 1079 552 1152 magnanimus,
574 1074 679 1135 Martis
700 1084 730 1136 et
752 1084 817 1136 arte
838 1074 967 1154 probus;

166 1158 301 1232 Blaesus,
323 1158 477 1229 barbatus,
501 1158 580 1221 vultu
603 1157 791 1226 venerabilis,
815 1167 910 1236 aptus,

207 1243 239 1302 ln
263 1244 375 1323 populo
398 1243 539 1313 clemens,
562 1243 669 1320 diguus
689 1242 816 1313 honore,
838 1243 958 1304 decens.

167 1326 262 1397 Docti,
287 1328 449 1389 clementes
470 1334 542 1389 sunt
562 1323 695 1389 Helenus
715 1325 949 1407 Deiphobusque

208 1410 304 1493 Saepe
324 1412 402 1473 solet
422 1412 530 1474 similis
550 1411 631 1472 filius
653 1429 720 1472 esse
741 1413 830 1491 patri.

165 1495 214 1557 Sic
237 1505 266 1558 et
289 1507 376 1559 eraut
397 1498 456 1565 isti,
479 1497 598 1558 inerant
620 1513 738 1574 quoque
759 1512 887 1573 corpore
909 1496 1018 1572 magui,

207 1579 352 1652 Formosi,
375 1579 453 1642 soliti
475 1583 577 1642 suavia
599 1579 691 1641 rerba
709 1579 802 1657 loqui.

162 1662 287 1741 Magnus
308 1673 373 1726 erat
393 1661 522 1733 Troilus,
545 1665 643 1742 tortis,
665 1662 896 1743 pulcherrimus,
918 1680 999 1739 acer,

206 1748 332 1808 Virtutis
353 1747 479 1825 cupidus
500 1754 532 1808 et
552 1748 617 1809 siue
640 1746 723 1809 laese
745 1746 851 1810 bouus.

163 1830 284 1908 Longus
305 1829 473 1892 Alexander
495 1838 526 1892 et
547 1830 700 1902 candidus,
723 1849 776 1892 ore
798 1837 936 1902 venusto,

206 1915 310 1991 aptus,
333 1914 488 1986 facundus,
511 1914 674 1977 ambitione
696 1914 806 1985 calens,

163 1996 301 2060 Pulchris
322 1998 457 2060 stellatus
479 1999 583 2071 oculis,
606 1998 748 2079 mollique
770 1996 880 2077 capillo

206 2081 392 2152 illarescens,
415 2084 496 2144 suari
518 2101 591 2145 roee
612 2083 761 2164 loquenda
782 2082 921 2163 loquens.

162 2165 371 2227 Andromache
393 2169 513 2247 sapiens
534 2169 736 2248 formosaque,
759 2166 857 2245 longa,
881 2167 1017 2228 modesta

205 2250 243 2312 Et
264 2250 391 2312 rutilans
412 2251 518 2323 oculis,
542 2252 679 2327 candida,
701 2249 810 2313 blanda
832 2252 914 2313 satis

165 2334 310 2397 Facturae
331 2335 492 2398 mediocris
513 2346 580 2398 erat
601 2336 778 2412 Cassandra,
799 2334 929 2397 rotundo

205 2418 276 2501 Ore,
298 2423 412 2483 micans
433 2420 537 2491 oculis,
560 2421 638 2489 ruia,
662 2418 802 2498 benigna,
824 2421 901 2487 seia;

165 2502 303 2566 Praescia
326 2522 413 2581 quam
435 2505 534 2565 luerat
555 2505 673 2565 venturi
695 2521 755 2565 non
778 2502 903 2579 iterabo,

205 2585 291 2657 Quod
313 2587 407 2648 semel
428 2587 562 2657 audistis,
586 2596 632 2648 est
653 2590 795 2650 recitasse
817 2590 900 2648 satis

163 2667 302 2740 Candida,
326 2672 456 2731 formosa
479 2673 634 2749 formaque
656 2669 796 2732 Polixena
818 2671 917 2748 longa,

204 2752 265 2814 llos
286 2764 387 2814 rectos
408 2752 512 2815 oeulos
533 2765 674 2833 rectaque
697 2773 785 2817 crura
806 2754 913 2836 probo.

163 2836 306 2915 Simplex,
329 2837 421 2914 larga,
445 2835 564 2904 decens,
587 2838 679 2900 llaros
701 2858 819 2919 quoque
841 2837 929 2900 laudo
952 2837 1076 2918 capillos
1098 2848 1137 2897 55

205 2920 244 2982 Et
266 2930 377 2983 teretes
399 2922 510 3001 digitos
532 2924 732 3002 exiguumque
754 2923 872 3002 pedem.

162 3004 285 3066 Hecuba
308 3023 384 3086 quae
407 3007 505 3067 luerat
527 3006 660 3085 aquilino
683 3025 808 3085 corpore
831 3006 955 3086 pulchra

206 3089 305 3151 Mente
327 3093 434 3162 virium,
457 3109 602 3171 pugnans,
627 3090 742 3159 callida,
767 3100 858 3163 casta,
880 3092 938 3169 pia.

229 3293 271 3343 l'l.
291 3307 401 3359 mergor
418 3293 538 3345 Helena.
607 3294 649 3344 28.
668 3307 777 3358 margo:
801 3298 934 3357 wantum
956 3291 992 3343 ad
1011 3254 1133 3345 exterio·

161 3374 219 3411 rem
237 3359 369 3415 hobitum.
407 3363 450 3412 47.
470 3361 537 3412 (lod.
555 3361 690 3412 modesto.
752 3360 793 3412 64.
814 3358 883 3410 (lod.
902 3359 963 3410 hee.
1017 3361 1060 3415 66.
1079 3360 1133 3413 Ov.

159 3429 214 3478 Ars
230 3425 255 3491 1,
273 3428 332 3483 622.
401 3429 442 3481 58.
461 3427 572 3481 secund.
589 3427 724 3479 Daretem
741 3440 805 3492 pro:
825 3430 906 3477 casta
923 3427 1006 3479 scias.
