2509 3917
115 148 119 157 ’
197 192 258 255 122
548 192 611 245 uto.
628 192 678 243 1v.
707 207 735 246 v.
752 194 896 245 ooo-ouo.

358 337 510 407 [tuctus
528 337 757 394 Tuucltottutt
774 338 823 394 DE
841 338 1000 410 Pluton]

150 477 155 486 ·
195 461 316 522 Postera
339 459 496 538 depulerat
517 460 618 521 stellas
640 462 756 521 Aurora
779 463 933 527 ruitantes,

238 546 405 622 Exquirunt
427 541 520 605 luteas
542 560 668 620 corpora
694 553 786 605 strata
809 544 924 606 domos.

194 629 353 690 Subterrat
374 627 511 688 Paridem
534 629 629 705 regali
654 631 737 690 cirria
761 629 850 695 cultu,
1116 639 1163 689 666

237 714 339 772 Vivum
362 711 528 772 debuerant
551 729 639 787 quem
662 711 803 790 sepelisse
826 714 886 779 diu.

195 796 283 856 Vivus
306 795 383 855 enim
407 796 515 855 multos
537 795 688 855 occiderat
710 799 785 875 ipse,
810 796 928 875 fuitque

237 880 405 940 Innumeris
427 878 544 958 populis
568 877 685 958 pubIIca
708 897 797 941 causa
822 884 915 940 necis.

195 963 339 1024 Ledaeam
362 964 475 1040 pariter
497 962 614 1022 Paridis
636 981 717 1023 mors
740 963 833 1031 laesit,
858 981 984 1043 eamque

229 1047 309 1107 Iisse
332 1046 500 1107 dolorosam
523 1047 643 1107 lacrima
667 1046 758 1108 multa
782 1046 879 1107 docet.
1116 1058 1164 1107 616
1232 1074 1233 1099 r

194 1131 302 1192 Prodit
324 1134 403 1190 enim
427 1128 526 1191 luctus
549 1130 772 1192 inconsolabilis
794 1134 890 1208 Ipsam

237 1214 313 1274 Vere
336 1215 487 1275 tolstitiarn
511 1232 571 1274 non
594 1214 733 1274 babuIsse
756 1215 859 1274 levem.

193 1297 257 1358 Iiex
281 1315 347 1357 cum
370 1298 472 1373 regIna
495 1297 678 1369 considerat;
704 1306 749 1359 est
771 1299 973 1369 manifestum,

236 1382 299 1442 Rex
322 1383 373 1459 ait,
398 1381 475 1442 bauo
500 1400 567 1441 vera
591 1398 647 1441 nos
669 1383 821 1444 adamasse
844 1382 914 1443 ilde.

193 1465 245 1527 Illa
268 1465 341 1526 tides
364 1464 455 1524 infida
479 1466 574 1535 nlmIs,
600 1464 777 1545 bonitasque
800 1465 930 1545 maligna
1117 1477 1163 1526 616
1205 1532 1208 1537 ,

234 1549 358 1609 Inlamis
380 1548 467 1616 lama,
490 1548 554 1609 laus
577 1547 624 1609 lue
647 1550 735 1627 plena
758 1549 823 1619 luit,

191 1632 277 1703 0666
300 1634 455 1711 proprium
477 1633 620 1712 populum
645 1640 847 1699 contemnens.
872 1636 963 1694 immo
986 1636 1129 1726 maritum

237 1714 364 1776 Moecha
388 1716 451 1784 1616,
475 1717 634 1778 moechum
655 1735 745 1796 prava
769 1726 868 1777 secuta
891 1715 1013 1778 malurn.

290 1926 437 1995 [GRAECI
455 1890 641 1985 quotanus
658 1929 709 1982 AD
726 1927 873 1984 BELLUM
891 1929 1066 2000 rotulit]
1102 2000 1104 2005 ,

191 2066 314 2126 Postera
336 2064 387 2127 lux
410 2066 501 2126 radiis
523 2067 613 2127 latum
637 2069 778 2144 patefecit
799 2075 833 2127 ut
855 2068 970 2140 orbem,

235 2147 319 2209 Miles
341 2150 371 2208 in
395 2150 470 2209 urbe
491 2159 600 2220 manet,
625 2150 728 2211 limine
750 2159 838 2229 porta
860 2151 969 2213 studet.
1112 2162 1162 2211 otu

193 2233 339 2292 Provocat
360 2231 396 2293 ad
419 2242 535 2312 portam
559 2233 704 2312 Trojanos
726 2234 820 2295 bostis
842 2234 974 2302 Attidem

235 2315 292 2387 Qui
314 2317 389 2377 lorIs
411 2318 562 2385 insultant,
586 2318 698 2395 probra
722 2321 876 2397 minasque
901 2319 1002 2401 boant.

191 2401 373 2461 Alterutrum
398 2402 519 2461 mittunt
540 2404 662 2462 vitiosas¹
683 2419 736 2461 ore
759 2403 880 2479 sagittas

235 2485 268 2543 Iu
291 2486 461 2563 pharetram
485 2483 586 2546 cordis
607 2486 675 2545 vilis
698 2484 734 2545 ab
756 2486 824 2563 igne
844 2485 939 2551 datas.
969 2492 972 2497 ⁴

126 2636 127 2641 η
190 2567 294 2644 Surgit
316 2570 413 2628 ironia
435 2569 587 2649 risumque
610 2571 724 2629 colorat
746 2586 890 2636 amarum,
1110 2580 1162 2628 666

236 2651 348 2728 lingua
371 2651 444 2730 jacit
463 2651 592 2730 jaculum
617 2651 721 2714 mellea
743 2651 814 2712 felle
836 2650 932 2713 litum

191 2733 379 2816 Ingeminant
401 2735 516 2797 blaesos
538 2754 610 2797 naso
633 2738 781 2834 crispante
805 2736 975 2810 cachinnos,

233 2817 348 2878 Probra
373 2829 493 2890 canunt,
517 2827 604 2900 turpe
627 2821 721 2898 surgit
743 2821 894 2900 utrimque
917 2817 1020 2880 melos.

193 2901 275 2961 Inter
298 2909 340 2962 tot
362 2904 432 2961 vitia
454 2904 553 2965 simul
564 2913 594 2964 et
615 2906 742 2966 convitia
764 2905 859 2965 Troes

234 2984 406 3046 Crebrius
397 3003 428 3045 66
450 3004 581 3065 pugnam
604 2988 731 3050 buccina
755 2989 867 3051 Graeca
889 2995 984 3048 vocat.
1106 2997 1159 3046 636

191 3151 394 3162 ---——..

259 3253 316 3302 603
335 3250 386 3302 06.
405 3253 514 3301 Metam.
533 3253 595 3315 VII,
615 3256 671 3308 100
751 3257 808 3308 619
833 3261 863 3304 66
880 3254 937 3305 orb.
956 3269 990 3306 ex
1008 3253 1108 3305 0616116
1128 3257 1158 3304 66

191 3332 308 3381 emarg
329 3332 377 3380 pro
396 3316 482 3370 cod.
473 3334 503 3367 m
522 3319 577 3368 orb
596 3321 646 3370 06
664 3320 730 3371 Met
751 3321 800 3385 IX,
820 3323 869 3372 tet

292 3383 407 3432 Postero
426 3384 473 3431 lux
490 3384 577 3434 radiis
595 3384 681 3434 latum
697 3387 870 3450 patefecerat
888 3387 989 3438 orbem.

105 3473 108 3479 ·
191 3448 252 3497 626.
270 3447 358 3498 lirum

1231 1120 1233 1195 l
