2509 3917
186 149 246 214 188
446 149 453 164 ·
485 151 548 201 uro.
567 151 614 202 v1.
652 168 678 201 v.
697 152 842 200 ere-eso.

485 348 671 418 [recensu
689 346 846 417 ntv1s10.]

185 454 244 514 lies
266 471 342 515 nova
366 453 509 516 sollicites
531 455 638 515 invitat
659 473 779 533 semper
801 451 921 521 ocellos,
1106 461 1153 508 615

227 539 290 600 liae
311 536 438 618 illacque
459 539 551 599 trahit
573 538 726 619 splendida
749 536 841 615 'froja
864 539 950 597 eires.

187 623 229 685 De
252 621 355 684 multis
382 622 496 684 laribus
517 622 562 683 lar
585 620 634 685 hic
657 631 829 683 surrexerat
850 640 937 689 unus,

229 707 311 768 Unus
334 716 398 767 erat
419 709 483 767 sele
506 706 621 768 lucidus
643 711 713 784 igne
734 705 827 768 locus.

183 793 264 872 ignis
286 788 374 868 Troja
398 792 466 866 init,
490 800 520 851 et
540 799 618 859 teta;
643 798 786 869 vagantur
808 789 920 851 ibidem

203 919 206 924 ,
230 875 338 935 Gracci
361 873 523 953 Trojanum
546 874 732 936 circueundo
754 873 863 934 locum.
1107 881 1156 931 ete

184 959 238 1020 llic
263 960 388 1027 cineres,
413 960 461 1018 hic
483 959 640 1030 carbones,
664 960 713 1021 hic
736 961 858 1035 respicit
881 958 986 1035 ignes;

228 1043 353 1121 Saepius
375 1051 421 1104 est
443 1042 548 1104 oculus
571 1045 601 1104 in
625 1046 754 1104 novitate
777 1061 877 1120 vagus.

185 1126 244 1188 lsta
265 1137 442 1204 regyrantes
464 1137 548 1189 vocat
570 1130 600 1188 iu
623 1145 782 1189 commune
805 1127 936 1198 Quirites

228 1210 264 1271 Et
283 1219 378 1272 telum
401 1211 545 1291 populum
569 1212 695 1273 brieciua
718 1210 815 1271 dando
837 1228 953 1271 sonum

184 1294 247 1357 Nec
271 1312 362 1356 roera
409 1295 593 1357 Centenium
615 1305 646 1356 et
668 1295 939 1374 conglomeratur
930 1310 962 1354 ru
987 1312 1081 1354 uuum
1104 1302 1155 1352 625
1223 1333 1225 1376 ,

235 1378 329 1450 Quam
353 1380 492 1455 tulerant,
515 1381 636 1460 praeda,
659 1398 731 1458 rege
753 1380 880 1447 veiente,
902 1377 1012 1439 lecum.

185 1464 220 1525 Et
242 1482 319 1543 quae
340 1463 480 1525 dividitur
503 1472 533 1524 et
555 1465 592 1525 ab
615 1483 796 1544 unoquoque
819 1463 941 1530 levatur,

226 1546 373 1609 Omnibus
395 1547 503 1609 illectis
526 1551 623 1626 portio
648 1567 753 1627 magua
775 1551 857 1610 satis.

186 1630 269 1692 Vivat
290 1634 320 1693 ln
344 1640 497 1693 aeternum
521 1634 588 1694 rer!
613 1633 742 1694 clamant
764 1632 885 1693 vecibus
908 1630 985 1706 altis,

226 1716 300 1775 Aera
325 1719 507 1785 concutiunt,
530 1717 663 1796 lectaque
686 1719 782 1777 lausia
804 1724 924 1778 canunt.
1105 1724 1156 1772 ete

405 1862 575 1932 [tumens
592 1863 760 1918 scorteu
776 1863 921 1931 eunuc]

186 1964 266 2027 Vidit
287 1975 319 2027 ut
341 1968 469 2044 Atrides,
492 1968 562 2045 quid
586 1971 666 2030 enirn
690 1987 748 2029 neu
770 1968 821 2030 ille
844 1969 986 2038 videret,x

226 2050 316 2128 Cujus
339 2055 370 2113 in
393 2052 518 2114 arbitrio
541 2053 666 2115 Graecia
688 2063 751 2114 teta
774 2052 845 2120 luit:

185 2131 306 2211 Trojatn
329 2136 521 2207 destructam,
546 2138 645 2199 finitos
667 2156 732 2198 esso
755 2136 887 2205 labores:

227 2219 372 2296 Cogitat'
364 2238 395 2280 tu
418 2224 556 2299 proprios
579 2223 623 2283 vel
647 2239 781 2283 remeare
804 2222 891 2283 lares

185 2303 227 2365 td
252 2312 338 2365 notos
360 2307 449 2366 etiarn
473 2305 653 2366 desiderat
644 2324 689 2367 1re
711 2313 836 2385 penates

227 2389 341 2451 Graeca
364 2379 501 2467 phalanx,
524 2391 608 2451 annis
632 2390 748 2450 exiliata
771 2391 887 2451 decern

186 2472 210 2533 0
232 2475 348 2552 patriae
370 2473 467 2535 natale
490 2472 597 2535 decus!
619 2476 662 2535 sic
685 2472 779 2535 allicis
801 2491 916 2543 omnes,

227 2557 304 2620 Exul
328 2561 374 2618 vix
398 2559 508 2638 poterit
529 2560 687 2619 immemor
709 2576 774 2631 esse
797 2555 850 2620 tui.

184 2641 373 2703 Conveniunt
394 2641 485 2719 aliqui
506 2642 567 2722 jau
591 2651 726 2721 ternpore
749 2651 832 2703 certa
854 2642 962 2708 daturi,

226 2725 349 2796 Quande
373 2727 500 2805 petenda
524 2726 621 2788 lerent
642 2726 736 2806 patria
760 2736 838 2787 tecta
860 2726 925 2786 sihi.
1105 2733 1157 2782 ete

252 2957 311 3005 616
329 2956 418 3012 schol.
437 2962 575 3025 propter'
570 2976 671 3025 ignem.
743 2963 803 3015 626.
823 2960 882 3011 cod
901 2958 1158 3023 conglomerantur

182 3024 242 3073 636.
262 3023 336 3073 feste
354 3034 466 3080 canunt.
502 3028 553 3078 Or
574 3029 652 3083 last
663 3028 723 3091 ΙΙΙ,
742 3045 767 3079 v
786 3030 844 3081 tlt.
930 3028 991 3076 631.
1011 3028 1053 3077 32.
1072 3025 1157 3076 Ovid.

182 3090 293 3141 Remed.
310 3094 370 3143 467
388 3094 430 3144 68
479 3094 556 3144 Vidit
574 3094 602 3143 id
621 3096 740 3146 Atrides
760 3096 826 3162 quid
844 3094 917 3146 euim
936 3099 990 3144 etc

183 3159 243 3209 637.
263 3158 355 3211 Guall.
374 3159 522 3212 Alexandr
542 3164 562 3224 l,
580 3163 632 3213 366

291 3226 358 3277 Ο
377 3229 485 3293 patriae
503 3229 604 3279 natalis
624 3244 700 3279 amer
717 3230 760 3278 sic
778 3229 872 3279 allicis
889 3243 983 3279 omnes

181 3294 240 3345 638.
258 3292 309 3345 Ov
329 3309 353 3346 e.
373 3295 453 3346 Pont.
472 3294 494 3354 l,
513 3298 538 3354 3,
556 3297 658 3345 3636.

321 3360 423 3410 Nescio
442 3360 495 3422 qud
512 3360 607 3408 natale
625 3360 714 3410 selum
732 3360 880 3411 dulcedine
898 3365 994 3425 copies

352 3425 752 3487 Ducit‚et'1mmemoreeuen
771 3428 838 3476 sinit
856 3442 918 3477 esse
937 3428 988 3477 sni.
