2509 3917
116 254 119 257 x
174 212 236 276 100
397 214 459 264 Lib.
476 213 528 264 111.
563 230 589 263 v.
607 212 752 267 aon-sta.
788 212 854 263 Lib.
872 212 918 263 1v.

171 342 347 427 Transvolat
367 363 450 426 illius
471 382 527 443 per
549 362 624 425 colla
646 365 752 442 sagitta
775 361 899 425 trabalis

214 451 301 511 Missa
324 466 416 510 manu
437 447 565 509 Paridis.
611 446 716 509 Exitus
739 449 796 509 iste
818 447 918 509 ducis!

170 534 247 606 uno
270 540 429 614 penetrare
447 532 531 614 juvat
552 530 672 592 sublimi
695 531 773 593 celsa
795 530 914 593 volatui

213 618 271 689 Qui
293 617 412 685 cecidit,
435 615 533 679 stabili
555 634 617 676 non
640 623 706 677 erat
726 614 777 677 ille
798 615 903 695 gradu

171 705 290 766 Corruit
311 703 361 762 hio
383 703 502 771 misere,
526 698 640 778 plaudit
661 698 790 778 Troiana
811 699 960 779 juventus,

213 787 335 848 Hostica
357 793 440 864 terga
463 786 582 864 premit,
606 783 719 845 Graeca
742 793 861 846 caterva
884 785 968 863 fugit.

171 872 264 933 Troes
285 872 453 950 impingunt
475 871 505 930 in
528 878 635 938 castra,
659 868 750 928 ierire
771 868 922 948 Pelasgos,

214 954 335 1017 Solvere
358 954 498 1034 captivos,
522 955 593 1031 igne
616 970 752 1013 cremare
773 960 864 1015 rates.

172 1041 311 1101 Occurrit
333 1036 495 1099 Telamone
518 1044 609 1104 satus,
633 1036 767 1098 defendit
788 1032 926 1106 Achivos,

212 1124 315 1201 Pugna
338 1123 370 1183 fit
391 1121 513 1201 grandis
534 1123 565 1182 in
587 1123 715 1182 statione
738 1122 839 1182 maris.

170 1210 309 1270 Attamen
332 1209 362 1267 in
385 1214 482 1268 castra
504 1206 709 1285 reprimuntur
732 1207 859 1283 turpiter
881 1206 962 1285 Argi,

214 1292 329 1353 Sufficit
350 1294 514 1352 introrsum
537 1289 692 1352 delituisse
714 1289 781 1351 sibi.

298 1454 435 1511 GRAECI
451 1452 572 1509 FLENT
590 1452 640 1506 DE
659 1452 771 1508 OBITU
787 1452 1010 1508 PALAMEDI&

171 1562 305 1624 Continet
327 1560 363 1620 ad
388 1559 461 1622 tales
484 1566 607 1620 eventus
628 1559 725 1619 Aeaea
748 1558 859 1637 proles,

213 1644 302 1723 Cujus
323 1645 506 1706 inaestuerat
526 1645 632 1705 intima
654 1642 756 1704 cordis
779 1660 872 1703 amor.

169 1729 233 1790 Nox
256 1727 354 1789 lucem
377 1726 496 1795 claudit,
519 1730 568 1787 vix
590 1726 735 1790 claudunt
755 1726 853 1788 sidera
876 1725 999 1797 bellum,

212 1810 285 1872 Brili
307 1829 356 1871 res
379 1813 491 1890 poterit
513 1811 654 1873 claudere
676 1811 759 1873 nulla
779 1812 869 1876 sitim.

169 1895 287 1956 Deflent
309 1893 482 1972 belligerum
504 1894 625 1975 Phrygii
650 1895 833 1976 Sarpedona,
856 1893 969 1957 deflent
1077 1917 1079 1921 ’

212 1978 407 2059 Deiphobum,
432 1977 556 2059 plangor
577 1998 637 2041 non
661 1980 751 2042 babet
771 1979 822 2041 ille
844 1979 976 2040 modum.

170 2065 219 2124 Sic
242 2072 271 2123 et
293 2060 400 2124 dolriva
424 2063 529 2125 domus
552 2065 604 2124 det
626 2063 665 2125 ob
687 2064 800 2126 obitum
822 2063 999 2136 Palamedis,

212 2147 343 2210 Turbida
366 2166 422 2226 pro
444 2148 542 2209 subita
564 2147 733 2228 perditione
755 2148 850 2209 ducis.

169 2232 383 2293 Lamentantur
404 2233 459 2303 ita;
484 2234 528 2292 vir
550 2233 790 2294 servantissimus
812 2234 901 2309 aequi

211 2318 273 2388 Vir,
297 2335 386 2397 quem
408 2317 557 2394 condigne
578 2315 721 2396 plangere
744 2334 834 2377 nemo
855 2323 963 2395 potest,

168 2402 281 2472 Audax,
305 2402 463 2470 discretus,
487 2400 562 2463 nulli
582 2403 694 2478 pietate
718 2400 868 2461 secundus

212 2485 335 2555 Occidit,
359 2488 492 2547 occisum
515 2485 641 2546 Graecia
664 2482 779 2562 plangit
801 2483 919 2544 herum.

489 2686 601 2747 LIBER
625 2684 810 2758 QUARTUS.

300 2815 490 2871 INCIPIUNT
509 2815 693 2870 CAPITULA
712 2813 851 2880 QUARTI
868 2813 974 2869 LIBRI.
982 2817 1007 2883 *)

168 2923 223 2984 Hic
245 2922 353 2983 iterum
376 2930 484 3000 regnat
505 2924 717 3000 Agamemnon.
763 2917 866 2980 Castra
888 2920 1040 2997 fugantur.

169 3007 293 3067 Bisseno
315 3013 372 3066 stat
394 3023 493 3085 pugna
517 3007 575 3074 die,
597 3021 781 3082 parmense
804 3001 935 3083 duplato.

236 3175 293 3229 863,
312 3187 420 3238 margot
439 3171 521 3236 Ajax,
590 3172 649 3226 865,
667 3170 735 3236 Argi
753 3186 802 3235 pro
821 3171 891 3220 armi
908 3171 1014 3222 codicis
1033 3188 1048 3222 o
1066 3189 1144 3224 mar·
1251 3170 1252 3181 ¹

170 3242 243 3305 gine.
296 3242 354 3291 867.
372 3256 420 3305 pro
438 3240 497 3291 cod.
516 3239 650 3292 continet.
668 3238 812 3293 adventuo.
824 3265 857 3274 —
869 3240 903 3289 In
916 3239 1042 3304 margine
1054 3247 1142 3293 nota:

169 3311 279 3359 Aeacus
296 3309 393 3371 gannit
409 3303 532 3370 Peleum,
552 3305 655 3355 Peleus
672 3304 815 3356 Achillem.

236 3374 263 3440 i)
282 3374 376 3426 Codex
394 3380 502 3425 tantum
519 3372 602 3424 babet
620 3373 650 3422 in
667 3373 807 3439 margine:
828 3372 954 3439 capitula
967 3374 1061 3439 quarti
1072 3374 1143 3426 libri

170 3447 221 3506 „et
238 3447 302 3507 post
315 3448 518 3508 argumentum:
538 3446 654 3506 quartus
666 3440 761 3491 liber“.
784 3440 972 3496 ‚Instruximua
985 3446 1016 3492 nt
1028 3442 1142 3493 inveni-

169 3525 229 3561 mus
242 3509 315 3574 apud
327 3512 434 3575 priores
446 3510 541 3562 libros.
571 3507 746 3573 Negligentia
759 3506 914 3560 rubricator
928 3523 942 3559 e
956 3510 1043 3574 primo
1056 3524 1143 3561 versu
