2509 3917
401 184 462 237 uro.
482 182 518 235 ιι.
554 200 582 235 v.
600 185 744 237 soa-seo.
848 234 851 241 ,
1019 179 1059 246 67

89 337 256 398 Coniusum
278 335 360 397 videt
382 335 491 396 Hector
514 354 599 403 eum;
623 336 700 415 proh
723 335 862 406 dedecus,
884 334 982 415 inquit

130 429 292 482 Aeternum
316 421 443 499 patriae!
466 437 520 480 cnr
543 421 583 479 ita
606 429 689 497 terga
712 420 825 481 refers?

87 506 216 582 Magnae
230 506 358 567 ‘uirtutis
380 505 503 565 victoria
526 522 602 583 quae
624 502 782 565 mulierem
1007 511 1059 564 tot

131 590 176 650 Ad
199 606 255 650 nos
276 587 426 649 imbellem
449 587 543 649 multa
564 605 619 667 per
642 605 724 648 arma
747 587 826 649 tulit!

92 672 141 734 'lu
163 673 263 752 jaceas
285 676 316 734 in
338 689 441 733 amore
463 680 524 741 tuo,
547 690 604 733 nos
624 671 702 733 bella
724 690 893 750 sequamur,

134 757 262 838 Simque
286 756 340 818 tibi
361 754 464 834 vigiles
486 766 578 831 artus,
601 766 631 816 et
652 774 734 818 arma
757 756 823 819 tihi.

93 841 141 904 Tu
165 861 204 903 ue
224 841 393 921 puellarum
415 841 579 902 sectaberis
601 840 712 910 oscula,
736 843 813 902 sicot

126 928 237 989 vFortis
260 944 354 1006 equus
375 925 490 986 validae
512 942 633 1005 semper
655 924 791 986 adhinnit
813 944 916 1006 equae.
1008 936 1059 986 810

88 1013 125 1072 ln
149 1009 236 1073 bellis
259 1008 391 1070 imbellis
413 1010 489 1070 eris?
511 1027 567 1069 nos
587 1008 717 1070 lontibus
740 1014 840 1077 armis.

130 1096 277 1168 Fornicis,
302 1102 334 1154 ut
353 1111 470 1172 pauses,
494 1092 638 1154 stabimus
660 1100 728 1157 ante
750 1094 838 1156 iores.

87 1181 149 1241 llic
172 1181 287 1241 animos
308 1177 433 1240 ostende
454 1186 531 1248 tuos,
554 1177 633 1239 Mars
654 1195 715 1238 nou
738 1180 878 1258 speciosis

98 1330 100 1333 ,
134 1265 229 1325 Immo
252 1261 385 1323 robustis
408 1261 458 1323 dat
479 1280 532 1323 sua
555 1263 638 1340 signa
662 1264 744 1325 viris.

90 1350 224 1428 Aequius
245 1348 277 1406 in
298 1345 397 1425 gladio
421 1356 519 1407 tecum
541 1345 674 1407 turuabit
696 1348 822 1417 Atrides,
1008 1357 1058 1408 s1t

133 1432 225 1512 Cujus
247 1430 284 1492 ad
306 1430 436 1492 officium
459 1439 618 1511 praeparat
641 1428 691 1491 ille
713 1449 813 1502 suum:

86 1516 166 1589 Quid
188 1516 277 1577 nimis
298 1516 437 1592 indiguis,
460 1514 585 1591 abbio,
607 1533 656 1575 me
678 1515 800 1576 vocibus
823 1533 921 1593 urges,

131 1600 283 1667 Olrater,
305 1601 418 1677 patriae
440 1598 536 1677 gloria
559 1599 621 1660 sola
644 1598 732 1659 tuae?

87 1686 156 1749 Non
179 1685 257 1744 vires
279 1693 425 1763 temptare
449 1684 504 1744 viri
525 1701 587 1743 non
609 1699 691 1744 arma
713 1701 830 1752 recuso,

130 1770 207 1830 uum
230 1768 319 1829 modo
341 1771 394 1847 qui
417 1769 525 1834 vincat,
548 1768 680 1845 praemia
703 1774 787 1846 pacta
810 1768 896 1828 levet
1004 1778 1055 1827 820

157 2003 215 2053 803.
233 2002 379 2067 Epimator
396 2004 446 2054 266
465 2018 524 2067 sqq.

192 2086 343 2137 confusum
360 2091 462 2137 terrore
479 2085 563 2149 videt,
581 2082 666 2136 Probi
686 2086 812 2148 dedecus,
830 2087 921 2151 iuquit

190 2155 337 2204 Aeternum
356 2155 474 2219 patriae,
492 2154 655 2219 generisque
673 2155 788 2205 infamia
807 2156 894 2217 nostri

191 2220 282 2285 Terga
300 2221 404 2272 refers?

84 2306 145 2356 867.
162 2303 265 2367 jncies.
299 2305 472 2370 Idpitometor
489 2305 540 2354 264

190 2388 262 2438 Dum
276 2387 376 2452 jaceas
393 2389 423 2439 in
439 2404 530 2438 amore
549 2392 605 2452 tuo,
624 2403 675 2439 nos
694 2388 769 2440 belle
787 2404 914 2454 geremus

83 2457 146 2507 810.
175 2456 227 2506 Or.
245 2456 359 2511 Remed,
377 2457 437 2508 634.

231 2521 327 2575 Fortis
345 2538 431 2588 equus
449 2524 525 2574 visae
541 2537 649 2588 semper
666 2523 793 2575 adhinnit
811 2539 908 2588 equae.

82 2593 146 2642 812,
165 2589 275 2654 Margo:
302 2590 407 2653 fornix,
431 2591 527 2641 domus
549 2591 733 2655 prostibulum
751 2591 814 2642 inde
833 2592 962 2643 fornicor.
987 2595 1053 2650 sris.

83 2660 146 2713 813,
168 2659 208 2707 14.
226 2657 407 2723 Epitomator.
427 2660 485 2709 262.
504 2659 545 2709 63.

189 2725 244 2774 Hic
263 2726 368 2776 animos
386 2725 502 2776 ostende
520 2729 592 2788 tuos,
610 2726 651 2776 nil
669 2725 783 2791 adjuvet
802 2742 878 2777 orme

188 2791 327 2843 Nobilitas
346 2793 464 2856 formae,
480 2792 548 2844 duro
565 2793 640 2844 Mars
657 2793 747 2845 milite
766 2794 868 2859 gaudet

82 2861 144 2911 816.
162 2859 283 2925 Epitoru
301 2861 359 2912 266.

188 2924 312 2992 Aequius
330 2927 456 2979 adversis
474 2934 562 2980 tecum
581 2929 750 2981 concurrat
742 2945 771 2978 ιιι
789 2929 871 2980 ermis

188 2993 311 3060 Impiger
328 2995 447 3047 Atrides.
621 3028 623 3030 v

80 3062 144 3117 816
162 3060 222 3112 ills.
308 3063 367 3115 817.
387 3064 426 3118 18.
450 3077 553 3126 mergo.
571 3063 721 3129 respondet
738 3062 818 3114 Puris
834 3063 950 3115 Hectori
971 3065 1054 3116 tratri

82 3143 143 3181 suo.
171 3127 196 3178 E
216 3129 323 3184 itomat
341 3131 401 3184 272.
419 3133 460 3184 76.

187 3143 305 3258 guid*
277 3197 359 3248 nimis
377 3198 508 3263 indignis,
526 3201 626 3264 inquit,
645 3212 687 3251 me
705 3199 820 3249 vocibus
838 3213 922 3265 urges

188 3262 348 3328 Oputrisc,
366 3279 502 3330 gumane,
520 3265 624 3317 decus?

80 3332 144 3386 819.
164 3332 204 3382 20
223 3332 401 3410 Epitomator
418 3335 477 3384 276.
496 3335 536 3387 76.

186 3398 244 3449 Nec
263 3399 336 3450 vires
354 3399 535 3465 dextramque
551 3401 604 3452 viri
622 3407 727 3451 tentare
744 3416 843 3452 recuso

187 3464 337 3518 Dummodo
355 3469 490 3518 victorem
508 3468 609 3532 conjnx
627 3483 697 3520 cum
706 3484 774 3533 paee
793 3475 930 3533 sequatur.

810 3549 847 3602 5*
