2509 3917
448 195 510 246 88.
528 195 576 247 vr.
604 211 630 248 v.
650 194 793 247 aco-sao.
1042 191 1102 256 187

139 350 213 410 Cum
236 346 349 408 inerint
371 364 463 407 unum
486 364 546 406 non
569 364 669 407 unum
686 346 807 408 fulmina
831 355 954 417 terrent,

181 430 313 493 Verbera
335 449 396 492 nou
418 438 529 501 nostra,
552 437 654 491 nostra
677 438 782 510 putare
804 430 893 493 salus.
1054 440 1106 488 870

137 517 170 578 ln
193 517 308 577 lorcam
331 529 436 590 cuncta
459 515 539 576 cadit
561 513 745 586 excellentia,
768 534 873 595 poena.

182 598 291 670 Gloria,
314 597 454 680 planities
475 617 563 660 unane
586 617 730 660 cacumen
754 599 852 662 habet.

138 684 243 746 1881118
265 682 356 762 Troja
379 683 448 752 ruit,
469 683 592 761 vestigia
614 683 696 744 nulla
720 684 832 755 videtis,

181 770 215 830 ln
238 769 364 831 nihilum
386 769 485 839 rediit,
508 769 587 848 quod
609 767 684 829 nihil
707 776 775 830 ante
798 769 863 831 luit.

141 855 246 932 Reges,
270 853 378 932 regalis
400 852 559 932 opulentia,
583 851 664 913 natio
686 851 773 915 hellis

181 938 313 1016 Turgida
336 939 486 1017 pomposis
506 945 538 998 ut
561 937 687 1014 periere,
710 940 797 999 cinis.

139 1022 200 1083 Nec
223 1021 314 1100 gladii
336 1024 428 1084 l'urias
450 1024 543 1083 evasit
564 1020 705 1102 Pyrrhus,
729 1021 849 1084 Orestes

182 1105 254 1186 Ejus
276 1107 314 1167 ob
336 1106 529 1168 Hermionam
551 1107 694 1167 terminat
716 1125 788 1168 ense
811 1107 900 1169 diem.

140 1191 311 1254 Perloditur
332 1191 439 1269 gladiis
461 1193 661 1269 Agamemnon
686 1197 716 1250 et
737 1193 810 1271 ipse,
834 1210 890 1252 nec
913 1190 990 1251 nllus

182 1275 338 1336 Extremus
360 1278 440 1338 sicco
463 1276 587 1352 contigit
608 1293 662 1335 ore
685 1293 783 1354 rogos.
1055 1281 1106 1331 888

138 1530 183 1590 Ad
205 1545 349 1607 generum
372 1527 490 1590 Cereris
510 1530 575 1590 sine
597 1528 689 1591 caede
712 1539 742 1589 et
764 1529 907 1607 sanguine
930 1530 1019 1608 pauci

141 1611 332 1675 Descendunt
354 1630 441 1693 reges
464 1623 494 1673 81
514 1616 592 1675 sicca
616 1621 714 1675 morta
735 1617 865 1693 tyranni.

140 1697 201 1758 Hos
223 1698 312 1758 homo
335 1713 389 1776 per
411 1699 552 1777 strepitus
573 1700 694 1777 impone
716 1698 835 1759 silentia
858 1699 950 1767 carni,

185 1782 228 1843 Sit
249 1781 326 1843 bene
349 1783 465 1843 vivendi
486 1801 537 1845 res
560 1802 593 1845 ea
615 1783 713 1844 lorma
736 1782 796 1845 tibi.

142 1867 197 1933 Tu.
220 1869 272 1946 qui
293 1866 436 1928 sublimes
457 1869 575 1929 conaris
596 1868 741 1930 scandere
764 1876 871 1938 turres,
1056 1875 1106 1924 888

182 1950 225 2010 ’18
247 1950 331 2031 lapsu
352 1950 451 2013 subito
475 1954 692 2033 praecipitante
715 1970 796 2014 rues.

142 2034 239 2096 Crede
261 2034 344 2103 mihi,
368 2036 445 2098 bene
468 2038 493 2097 si
515 2035 620 2107 latitas,
646 2037 723 2098 bene
746 2039 818 2098 viris
840 2046 870 2097 et
891 2038 969 2097 inira

184 2120 347 2181 Fortunam
370 2120 462 2182 debes
485 2139 578 2201 usquc
601 2139 723 2183 manere
746 2129 836 2191 tuam,

139 2203 195 2273 No,
219 2221 286 2265 cunr
309 2205 387 2266 lorte
409 2223 478 2268 suas
500 2208 658 2285 repetitum
683 2207 798 2267 venerit
819 2205 889 2265 olirn

185 2289 246 2348 1188
271 2289 367 2350 avium
389 2291 513 2369 plumas.
537 2288 715 2352 ridiculosus
737 2307 797 2351 888.
1055 2296 1107 2346 888

142 2476 201 2525 888.
238 2472 316 2523 Sens.
347 2473 476 2525 Fulmina
507 2492 566 2526 cum
596 2491 679 2526 unum
708 2476 788 2536 fuer,
817 2488 871 2524 non
894 2488 977 2523 unum
994 2478 1106 2523 torrent.

143 2542 202 2593 868.
220 2554 324 2604 margo.
343 2541 420 2593 88188
439 2546 490 2593 ast.
570 2545 628 2597 818.
652 2558 759 2608 margo:
785 2540 858 2592 81188
877 2556 977 2593 eornm.
1048 2542 1107 2592 888.

141 2612 208 2660 ante
220 2608 294 2659 hunc
305 2622 412 2659 versum
429 2608 544 2675 legitur:
563 2626 618 2662 888
636 2616 702 2662 8881
720 2610 753 2660 (18
772 2614 860 2671 textu,
879 2612 908 2658 81
918 2623 1014 2674 margo
1026 2623 1106 2673 prae·

140 2678 190 2727 bat
206 2691 280 2739 „non
298 2683 409 2741 propter
426 2676 538 2740 Trojam
555 2678 627 2728 hanc
646 2677 782 2743 assumpsi
801 2672 958 2741 materiam,
978 2676 1028 2727 sed
1045 2692 1106 2742 pro·

140 2751 185 2794 ter
202 2743 273 2808 quod
290 2759 364 2793 8888
382 2745 455 2795 dieo:
475 2746 537 2806 „Tu
556 2746 602 2811 qui
619 2745 751 2797 sublimas
770 2743 846 2796 etc.“

210 2812 268 2862 885.
287 2811 330 2862 86.
350 2811 400 2863 08.
418 2813 503 2864 Trist.
522 2813 573 2874 ΙΙΙ,
591 2816 617 2875 4,
637 2817 678 2864 25.
697 2813 729 2862 26

242 2877 330 2927 Crede
348 2879 427 2939 mihi3
447 2880 518 2931 bene
538 2882 585 2946 qui
602 2881 693 2944 latuit,
713 2878 783 2930 bene
802 2881 887 2929 vixit:
908 2882 936 2929 et
954 2881 1028 2929 intra

276 2945 427 2996 Fortunam
444 2948 528 2999 (181181
546 2949 662 3013 quisque
678 2963 788 2999 manere
807 2962 894 2998 suam.

209 3015 267 3064 889.
286 3027 334 3062 888
351 3014 413 3065 Fol.
434 3013 500 3067 (iod.
520 3017 567 3065 161
587 3016 718 3067 Scholion
735 3015 831 3065 habet:
849 3014 910 3064 Rex
928 3014 1019 3065 avium
1037 3029 1106 3079 pen-

140 3096 192 3132 nas
210 3088 265 3135 etc.
300 3078 374 3132 Aves
392 3081 496 3132 Christi
517 3090 581 3132 8881
602 3082 712 3143 fideles,
741 3096 831 3148 penna
853 3081 968 3131 virtutis
990 3081 1025 3130 ad
1044 3097 1107 3131 coe·

139 3147 225 3199 lestia
243 3163 273 3199 88
291 3150 427 3200 levantes.
463 3152 524 3201 Rex
545 3151 636 3200 avium
661 3156 753 3201 autem
771 3149 895 3200 Christus
918 3154 974 3210 est,
1000 3149 1106 3213 dequo

139 3216 292 3267 Psalmista
304 3212 356 3266 ait:
374 3232 446 3268 unus
457 3219 527 3283 regit
538 3233 581 3268 ma
600 3223 628 3267 et
646 3219 719 3283 ipse,
734 3217 861 3271 Christe!
881 3218 940 3267 sine
958 3232 1001 3265 me
1019 3214 1107 3266 nichil

139 3285 246 3345 poteris
263 3285 368 3339 facere.
403 3286 480 3336 Idam
498 3301 545 3335 rex
563 3286 655 3336 avium
673 3285 774 3350 plumis
792 3287 851 3337 8818
868 3300 919 3335 888
939 3284 1024 3348 tegit,
1042 3283 1107 3333 dum

140 3352 199 3402 8818
217 3350 355 3404 beneficiis
374 3366 424 3403 nos
442 3354 529 3402 nutrit
571 3353 651 3404 Unde
678 3353 800 3417 loquitur
826 3353 858 3401 de
881 3350 1013 3416 ingratis:
1042 3365 1107 3415 quo·

139 3419 212 3468 tiens
229 3418 304 3469 volui
323 3433 420 3482 cogere
439 3421 489 3471 snb
509 3419 562 3470 8118
580 3427 609 3470 81
626 3436 682 3471 888
700 3426 753 3472 ete.
788 3422 845 3470 Iste
858 3434 905 3469 rex
917 3418 990 3480 olim,
1009 3418 1105 3483 idest,

139 3487 170 3535 in
187 3491 308 3537 extremo
330 3489 453 3537 examine
477 3503 537 3537 cum
560 3489 667 3538 venerit
690 3489 718 3537 in
743 3485 972 3550 majestatum,
998 3485 1106 3550 plumas
