2509 3917
182 183 243 248 108
486 184 548 234 Lib.
567 183 617 238 IV.
653 199 680 233 v.
700 183 842 234 reo-22⁷.

180 336 293 398 Anxius
315 335 352 396 ad
374 335 507 396 Primum
529 335 620 396 mittit
642 353 697 412 pro
720 352 794 414 pace
814 334 952 414 petenda,
1102 343 1148 394 195

224 423 264 483 Ut
284 438 388 501 pacem
411 420 493 481 senis
515 417 669 480 mensibus
692 436 757 480 esse
777 419 859 480 velit.

180 504 302 586 Trojani
325 522 429 583 pacem
452 502 593 565 dedicunt
615 511 751 580 tempore
773 509 866 574 tanto,

224 588 376 660 Nolumus,
400 586 577 657 exclamant,
600 586 716 666 proelia
737 605 813 667 pace
833 589 908 666 regi.

180 674 295 735 ibimus
317 674 347 733 in
370 680 467 733 castra
490 672 657 732 Danaorum
680 673 813 748 plectere
834 679 968 741 cunctos,

222 757 337 819 lbimus
359 758 395 818 ad
418 757 542 834 pelagus
564 757 734 817 incinerare
755 764 845 817 rates.
1103 767 1158 816 222

180 847 319 905 Attamen
342 860 358 902 a
380 839 502 918 reliqnis
525 857 592 901 cum
614 857 669 900 rex
692 859 747 919 pro
770 858 843 918 pace
864 841 1007 917 requirit;

222 928 341 994 Pacem,
364 932 540 987 cunctorum
564 941 620 985 vox
643 934 708 986 erat
729 942 797 994 una,
819 923 893 985 dari.

180 1010 354 1089 Suscipiunt
375 1009 531 1079 medicam,
556 1016 662 1069 coeant
685 1017 717 1070 ut
739 1007 869 1077 vulnera,
892 1009 975 1086 pacis

222 1095 371 1174 Tempore
393 1091 521 1172 Tydides
544 1101 573 1153 et
593 1092 747 1154 Menelaus
769 1110 865 1170 opem.

179 1178 275 1239 Troes
298 1186 328 1237 el
348 1177 441 1238 Danai
462 1179 562 1257 potius
584 1177 733 1239 tumulare
755 1177 893 1237 videntur
1101 1187 1158 1236 205

183 1278 190 1291 ‘
222 1260 266 1323 Ob
289 1262 397 1322 nimios
420 1261 555 1323 cumulus
577 1279 665 1341 quam
688 1259 838 1337 cumulare
861 1277 941 1322 suos

178 1346 213 1406 ln
236 1345 365 1406 tumulos
384 1343 497 1422 jactant
518 1344 660 1415 cumulos,
685 1345 816 1407 tumulos
838 1344 1018 1407 cumulando

221 1431 259 1491 m
280 1428 433 1490 cumulant
453 1429 584 1500 tumulos
604 1428 812 1492 intumulando
834 1431 925 1491 viros.

257 1609 382 1663 VERBA
399 1609 451 1663 AD
468 1608 657 1664 nummum
673 1610 723 1664 UT
740 1608 914 1666 RESUMAT
932 1609 1060 1679 BELLA.

177 1715 211 1775 ln
235 1713 345 1776 bellum
368 1733 510 1776 revocare
531 1716 655 1776 studens
675 1717 877 1794 Agamemnon
900 1714 1045 1776 Achillem

219 1801 358 1860 Assumtc
381 1799 472 1861 subiit
494 1799 619 1861 Nestore
643 1806 738 1860 castra
762 1800 856 1860 ducis.
1098 1811 1160 1859 210

177 1881 281 1943 lnclite
303 1881 400 1958 miles,
425 1884 474 1954 ait,
497 1886 542 1944 vir
563 1894 694 1957 strenue,
716 1884 773 1945 fide
796 1881 921 1945 sodalis!

219 1965 394 2028 Procumbit
415 1969 541 2045 genibus
564 1969 688 2029 Graecia
710 1975 770 2041 lota
793 1969 861 2029 tuis.

177 2051 270 2111 lmmc
293 2060 454 2113 coronatus
478 2072 541 2123 rex,
565 2061 595 2113 et
617 2070 676 2112 nou
700 2070 761 2125 rex,
785 2052 839 2112 sed
860 2052 972 2112 amicus

219 2134 262 2196 Te
286 2142 372 2210 rogat
393 2138 522 2197 intentas
544 2136 746 2198 continuando
769 2153 889 2214 preces;

175 2218 305 2280 Prodeat
326 2221 358 2279 in
380 2218 492 2282 bellum
514 2230 564 2282 tua
588 2221 719 2288 dextera,
742 2221 867 2298 prodeat
888 2218 937 2280 illa
1097 2230 1160 2278 215

219 2304 409 2381 Armipotens
431 2303 528 2382 galea;
553 2311 714 2384 nostraque
736 2302 812 2365 bella
832 2303 910 2382 juva.

176 2385 359 2467 Suppliciter
382 2390 457 2465 petit
478 2387 525 2448 hic
548 2394 595 2447 tua
619 2390 725 2467 patria,
748 2386 871 2448 Graecia
894 2394 963 2459 tuta,

218 2471 292 2532 Tota
314 2469 487 2551 parentela:
506 2471 611 2532 bellica
634 2474 719 2549 sigua
740 2470 814 2532 leva.

173 2555 293 2615 Atrides
316 2557 405 2616 etiam
429 2554 484 2614 tibi
507 2556 532 2615 si
554 2565 622 2615 tuus
645 2565 690 2615 est
711 2554 838 2633 alicujus

137 2666 138 2669 ¹
217 2638 368 2706 Momenti,
391 2637 452 2698 noli
474 2645 540 2699 vota
563 2656 674 2716 negare
697 2638 778 2700 milri.
1093 2651 1157 2699 220

174 2720 207 2781 Si
231 2720 315 2789 mihi,
337 2722 363 2780 si
384 2723 507 2800 patriae,
531 2723 554 2782 si
578 2723 692 2784 civibus
714 2740 795 2783 arma
817 2739 954 2802 negares,

216 2803 282 2864 [lux
303 2805 509 2873 inhonestatis,
532 2805 628 2867 hostis
650 2807 759 2867 amoris
781 2809 849 2867 eris.

174 2887 248 2948 Cum
272 2906 339 2948 rosa
363 2889 403 2948 sis
425 2890 549 2967 patriae,
572 2907 632 2949 non
656 2890 745 2951 debet
767 2892 870 2969 spinea
892 2908 991 2952 rosam

215 2971 278 3031 Hoc
301 2973 372 3033 vitio
394 2972 510 3034 macula
533 2973 706 3035 derosulare
726 2992 835 3035 rosam.

171 3054 209 3114 Et
232 3071 427 3135 quaecunque
450 3064 557 3134 potest,
582 3074 636 3117 rex
660 3057 812 3119 allectoria
835 3058 925 3120 verba
1092 3069 1153 3118 225

213 3137 332 3200 Profert
352 3140 384 3200 iu
406 3141 535 3201 medium
558 3139 730 3203 mollificare
752 3143 862 3209 virum.

172 3222 298 3302 Projicit
321 3223 466 3301 ampullas
489 3232 519 3284 et
541 3224 758 3305 sesquipedalia
781 3225 871 3286 verba

238 3393 296 3448 201.
314 3387 426 3456 Margo:
445 3392 547 3443 iterum
563 3406 618 3456 pax
637 3368 688 3455 vijj
708 3407 754 3443 sex
772 3393 913 3444 mensium.
994 3395 1054 3446 227.
1073 3376 1152 3451 Hor.

168 3456 220 3508 Ars
238 3464 311 3524 poet,
330 3476 355 3510 v.
373 3463 414 3512 at.
