2509 3917
154 237 217 302 206

156 394 189 452 Vi
213 393 397 469 tempestatis
420 392 510 451 sociis
533 389 589 450 tibi
612 390 771 452 rarificatis

200 476 251 536 Vel
273 477 372 555 rapuit
393 475 461 535 latis
483 492 537 553 per
560 476 636 535 lreta
659 474 746 553 leuga
768 475 861 536 Paris.

162 560 390 640 Egrediensque
412 561 508 627 lretis,
533 576 590 637 qua
613 558 709 629 sedes,
734 568 817 639 parta
841 561 950 638 quietis
1080 567 1135 615 255

198 643 340 706 Cursibus
362 643 489 723 expletis
511 662 527 704 a
550 646 686 721 sapiente
709 646 796 720 petis.

155 728 278 808 Hospita
301 728 448 796 Cumanis,
472 727 650 806 impulsibus
672 735 736 789 acta
761 728 904 806 profanis,

199 813 300 874 Debita
323 812 460 892 Trojanis
482 814 540 872 lata
564 810 676 892 Sibylla
699 815 796 872 canis:

155 896 271 967 Quanta
293 907 399 977 parant
421 897 523 966 Rutili,
546 914 635 976 quam
658 896 753 975 gloria
776 905 878 974 surgat
899 894 969 964 Juli,

199 979 255 1050 Qui
277 1000 382 1061 regum
406 981 483 1042 tituli
505 998 658 1062 regnaque
684 983 735 1060 qui
757 982 872 1062 populi.
1073 991 1131 1041 260

156 1066 236 1143 Ergo
258 1066 413 1126 damnatae
436 1083 488 1144 spe
511 1066 616 1126 firmus
638 1064 713 1125 fidus
735 1065 886 1133 Achatem,

99 1161 107 1171 '
201 1150 363 1230 Hesperiae
385 1148 461 1210 latae
485 1149 582 1211 tendis
604 1151 635 1210 in
658 1168 726 1211 arva
750 1158 825 1212 rate.

155 1233 286 1295 Plurima
309 1232 386 1295 bella
408 1236 499 1311 geris,
524 1233 577 1295 tibi
600 1241 663 1295 tum
686 1234 750 1295 laea
774 1233 872 1295 debita
896 1237 1016 1311 quaeris

198 1319 257 1380 Sed
280 1321 375 1380 lretus
398 1320 515 1397 superis
538 1318 623 1380 obvia
647 1336 783 1399 quaeque
807 1320 880 1380 terls

155 1402 276 1466 Turnus
300 1412 331 1464 ut
353 1404 448 1463 elatus
470 1402 524 1463 tibi
548 1404 608 1464 iata
631 1408 750 1482 tuisque
774 1403 903 1464 minatus
1072 1413 1127 1463 265

199 1487 345 1550 Occubuit
366 1495 484 1559 stratus
508 1487 579 1548 dum
603 1488 681 1549 lorlis
704 1506 776 1548 ense
798 1488 882 1548 latus.

158 1573 224 1651 Pru¹
240 1591 298 1653 qua
320 1581 452 1634 certatur
473 1572 526 1633 tibi
550 1573 632 1650 regia
654 1576 740 1651 virgo
763 1572 889 1641 dicatur,

196 1656 318 1737 Paxque
340 1659 532 1727 relurmatur,
555 1655 626 1716 (lum
648 1657 702 1718 tibi
725 1666 816 1737 nupta
839 1656 936 1717 datur.

157 1742 236 1803 Hinc
258 1747 477 1821 processerunt,
501 1742 552 1823 qui
574 1741 699 1802 Romam
723 1743 953 1811 constituerunt,

200 1825 257 1896 Qui
281 1824 350 1886 dum
375 1825 452 1886 bella
475 1835 592 1903 gerunt,
616 1825 704 1886 sortia
728 1843 863 1907 quaeque
886 1833 995 1887 terunt.
1077 1835 1132 1887 270

155 1910 193 1970 El
215 1907 268 1968 tibi
291 1910 428 1970 lecerunt
450 1928 557 1971 rrumeu
581 1908 661 1987 quud
684 1912 713 1970 iu
737 1920 815 1971 astra
840 1909 982 1979 tulerunt,

198 1994 246 2062 Ut,
269 1996 320 2073 qui
342 1997 529 2074 seripserunt
551 1996 676 2074 pristina
699 2004 792 2072 gesta,
816 1993 932 2065 leruut;

156 2079 308 2158 Romaque
331 2080 515 2156 turrigerum
537 2087 625 2158 eaput
648 2079 731 2139 alluit
754 2081 881 2140 maxima
905 2095 1006 2139 rerum

199 2163 272 2224 Tam
294 2163 373 2223 dono
396 2181 537 2242 superum
560 2180 649 2239 quam
672 2164 777 2224 studiis
800 2179 968 2240 procerum.

161 2248 210 2308 Sic
233 2264 268 2308 ex
290 2250 388 2309 Aeaea
412 2254 553 2308 creseunt
574 2247 712 2308 Romana
734 2246 876 2327 trophaea
1075 2256 1127 2304 aaa

200 2332 248 2392 Sic
271 2349 344 2410 gens
366 2331 507 2405 Romulea
531 2333 626 2408 surgit
648 2331 685 2392 ab
710 2332 862 2392 Hectorea.
