2509 3917
413 196 475 247 Lib.
493 199 515 249 Ι.
533 214 577 287 j.
596 198 740 250 raa-⁷88.

87 347 215 411 Advolat
236 347 389 427 Euryalus,
413 367 481 410 cum
504 347 677 428 Tlepolemo
699 349 864 418 Diomedes,
966 407 972 416 .

134 434 238 505 Quini,
262 451 337 512 quos
358 442 476 510 poterat
498 435 588 494 Troia
613 436 729 504 timere,
753 434 819 494 viri.

89 519 131 579 Hi
153 518 292 596 Spartam
315 519 446 584 veniunt,
470 516 579 598 injuria
602 519 681 579 iacta
703 518 827 587 recedit,

134 602 169 661 iu
191 611 279 681 capnt
302 604 447 682 ipsorum,
471 605 522 680 qui
545 620 693 671 meruere,
717 602 825 664 ierunt.

88 687 150 748 Per
174 685 304 748 Graecas
327 686 416 747 urbes
438 704 497 748 noo
520 705 633 766 paucus
655 688 779 747 nuntius
800 686 862 757 ibit,

134 771 188 831 Est
210 789 295 850 opus,
319 779 352 831 ut
372 771 482 832 factum
506 771 630 832 Graecia
653 780 714 831 tota
738 773 819 831 sciat.

90 858 182 915 Arma
205 854 405 916 movebuntur
427 874 482 935 per
503 864 594 917 totam
618 855 724 916 Dorica
748 865 869 925 terram,

135 940 289 1001 Sustineat
308 942 444 1001 meritam
468 940 556 1001 Troia
579 940 707 1018 superba
730 942 833 1000 ricem.

89 1023 223 1101 Expedit
244 1025 359 1084 interea
383 1022 522 1086 fabricari
544 1024 624 1084 mitte
647 1026 780 1097 carinas3

137 1108 227 1168 beuti
249 1125 309 1168 uon
332 1110 447 1169 erimus
468 1126 523 1187 per
544 1109 635 1169 maris
658 1110 703 1169 ire
725 1109 798 1178 rias,
912 1146 915 1154 ·

91 1192 313 1254 Conduceudus
334 1194 391 1253 erit
412 1195 570 1263 exercitus,
594 1210 675 1253 arma
699 1192 839 1269 paranda,

137 1277 260 1337 Diverso
282 1273 386 1337 classis
408 1285 455 1337 est
476 1278 626 1338 oneranda
650 1275 726 1336 cibo.

91 1360 147 1420 Est
169 1361 314 1420 exercitui
336 1369 426 1437 caput
447 1380 538 1422 uuum
561 1361 806 1439 praeficiendum,

136 1444 180 1505 dd
203 1452 308 1505 nutum
331 1446 416 1505 cuins
438 1463 525 1507 omne
547 1453 671 1522 regatur
692 1462 777 1505 onus.

92 1527 156 1589 Nos
179 1545 299 1607 quoqne
322 1527 465 1589 debemus
488 1531 557 1590 tutis
580 1526 755 1589 incumbere
778 1529 880 1593 ramis,

138 1613 176 1675 Ut
198 1613 268 1691 figat
288 1611 449 1692 Phrygium
473 1614 574 1673 iancea
596 1621 699 1673 nostra
722 1610 827 1672 solum.

93 1696 218 1757 Scilicet
239 1697 372 1757 adversis
394 1697 528 1775 probitas
550 1699 679 1757 exercita
703 1696 795 1757 rebus

138 1781 230 1841 Tristi
252 1781 405 1843 materiam
428 1790 559 1860 tempore
583 1780 678 1843 laudis
700 1780 800 1842 habet.

254 1926 490 1983 AGAMnMNON
506 1925 632 1983 REGNO
650 1926 899 1984 PRAEFIGI'I'UR.

93 2033 201 2110 Regno
223 2033 394 2112 praeficitur
415 2039 628 2110 Agamemnon,
652 2040 712 2095 tota
734 2031 854 2112 jubetur

138 2116 278 2177 Protinus
300 2120 428 2197 imperio
451 2116 575 2179 Graecia
599 2126 679 2180 stare
701 2136 765 2178 sno.

95 2202 246 2280 Praecipit
267 2211 300 2262 ut
322 2202 436 2263 Danaos
459 2213 617 2282 percurrat
639 2202 765 2282 plurima
787 2202 862 2263 flues

140 2286 262 2353 Littera,
285 2285 461 2347 describens
481 2287 532 2348 hic
554 2295 584 2348 et
609 2287 720 2367 ubique
741 2294 837 2348 rates:

95 2370 133 2430 Et
153 2369 269 2431 ratibus
289 2371 374 2432 iactis
395 2379 502 2449 portus
525 2379 663 2432 teneatur
684 2370 819 2439 Athenis,

139 2453 179 2515 Ut
198 2473 230 2515 se
254 2457 295 2514 vis
316 2457 418 2534 popuii
441 2454 559 2532 colligat
581 2457 679 2515 omnis
700 2454 753 2516 ibi.

95 2538 220 2615 ibimus,
242 2539 348 2619 inquit,
371 2540 481 2600 abhinc
502 2538 639 2618 Trojnm;
661 2557 749 2619 qnae,
772 2546 895 2599 strenua
917 2537 1005 2598 nobis

139 2623 171 2683 si
194 2640 300 2684 manns
323 2631 368 2685 est
389 2633 420 2684 et
441 2642 537 2692 mens,
561 2624 654 2685 indita
676 2621 786 2703 probra
809 2621 880 2683 luet.

95 2708 239 2786 Turpiter
261 2709 361 2769 amisit
382 2706 523 2769 Helenam
548 2711 701 2788 provincia
724 2714 836 2777 nostra,

138 2791 246 2852 Effecit
258 2792 408 2871 praedam
431 2793 543 2871 praedo
566 2792 688 2854 dolosus
710 2811 784 2853 eam.
972 2833 974 2836 -
1011 2798 1061 2847 'tao

95 2877 248 2937 lucautam
271 2876 354 2937 Paris
376 2880 513 2954 arripuit,
536 2895 590 2956 pro
614 2875 743 2957 conjuga
764 2877 848 2937 duxit

139 2958 291 3021 Praebens
313 2960 441 3021 innocuo
463 2961 542 3023 iacta
563 2963 667 3022 nociva
691 2961 788 3021 thoro.

96 3045 203 3106 Omnis
226 3045 258 3105 iu
280 3063 360 3106 arma
384 3053 462 3116 ruat,
484 3043 589 3123 gladiis
610 3062 644 3107 se
666 3045 790 3108 Graecia
812 3045 919 3123 cingat,

165 3211 223 3265 758.
251 3212 317 3264 cod.
339 3213 478 3266 Auriolus.
502 3213 690 3278 Tleptolomo‚
717 3212 883 3263 mutavimus
910 3228 925 3263 e
950 3211 1060 3265 Darste.

95 3282 154 3331 759.
186 3277 252 3330 God.
278 3281 379 3345 quini.
405 3296 498 3347 mergo
517 3282 638 3347 quinque
658 3285 686 3332 et
704 3282 791 3346 quini.
879 3281 937 3331 764.
956 3278 1063 3330 Dorica

95 3348 327 3413 superscriptum:
358 3346 473 3399 Graece.
542 3351 600 3400 trs.
625 3352 666 3401 75.
688 3348 783 3399 ovidii
799 3353 865 3398 suut
880 3347 963 3399 Triot
982 3346 1016 3401 V.
1035 3348 1062 3399 b.

93 3417 199 3479 dudd„
217 3430 252 3465 ex
269 3429 324 3479 quo
341 3415 404 3467 loco
422 3417 561 3480 posuimus
573 3417 660 3467 'Pristi
677 3419 774 3467 meter.
792 3430 843 3481 per
859 3414 944 3464 nostri
961 3418 1060 3464 meter.

94 3483 168 3537 erist
239 3484 299 3534 trs.
316 3480 383 3533 con.
403 3483 495 3535 litore.
