2509 3917
176 190 220 255 32
499 190 562 244 mu
581 191 603 241 1
638 206 663 240 v.
683 191 826 277 aea-eae

177 344 378 424 Conceptus
370 360 465 421 ignes,
490 349 607 420 captato
631 350 776 441 tempore,
799 340 933 419 produnt

222 428 316 490 Ambe
338 423 515 497 revelantes,
540 445 628 505 quam
651 427 689 487 sit
711 435 839 503 uterque
861 424 968 487 libens.
1100 434 1153 483 625

179 512 211 574 Si
233 512 371 574 Paridem
394 512 545 573 studuisse
567 520 677 591 putem
703 529 758 571 uec
781 509 872 571 eredo
894 509 972 589 qnod
996 527 1107 578 errem,

222 598 279 659 Aut
301 596 444 660 Helenam
468 596 601 674 seriptis:
624 595 699 656 hera
722 594 846 656 vacabat
868 597 923 655 eis

179 680 321 762 Eloquar,
345 682 394 742 hie
415 682 556 758 loquitur,
580 698 641 740 uon
664 688 710 739 est
731 679 825 749 loeus
848 678 946 739 iudice
969 678 1108 738 liammae

222 766 260 827 Et
281 766 357 847 plus,
381 783 468 844 quam
490 764 606 833 vellem,
631 768 690 826 iam
713 782 796 824 meus
820 771 900 823 extat
922 780 1020 832 amor3

179 850 238 912 Sed
262 850 339 912 male
361 849 524 917 dissimulo,
549 851 617 925 quis
640 851 719 909 enim
744 846 936 909 celaveritiff
906 864 1006 925 ignem
1098 855 1152 905 630

222 935 349 996 Lumine
372 936 423 1013 qni
446 952 566 1012 semper
588 933 756 1011 proditur
747 950 812 1011 ipse
834 950 900 996 sun.

178 1021 222 1080 'l'e
245 1026 324 1097 peto,
348 1036 437 1097 quam
461 1019 574 1097 pepigit
596 1017 673 1078 lecto
696 1018 795 1077 Venus
817 1016 920 1076 inclita
943 1022 1055 1085 nostro,

224 1103 266 1163 'l'e
289 1103 373 1181 prius
396 1103 503 1180 optavi,
529 1118 616 1178 quam
641 1100 712 1161 mihi
735 1111 805 1161 nota
828 1100 917 1160 sores.

180 1187 221 1248 lla
245 1186 319 1247 mihi
342 1192 379 1253 te,
404 1204 480 1263 quae
502 1188 540 1246 sit
561 1186 679 1246 Paridis
701 1186 874 1253 constantia,
899 1200 1014 1253 nosces,

222 1270 351 1353 Flamma
375 1273 442 1345 rogi
464 1271 598 1332 flammas
619 1271 703 1331 finiet
724 1287 782 1331 una
806 1271 875 1329 mei.
1097 1276 1151 1325 636

180 1354 356 1416 Innumeras
378 1353 469 1414 nrbes
491 1363 579 1432 atque
602 1372 692 1415 aurea
714 1361 792 1414 tecta
814 1352 938 1422 ridebis,

223 1437 363 1519 Quaeque
387 1456 457 1500 suns
479 1439 560 1501 dieas
583 1438 693 1519 templa
716 1439 823 1499 decere
847 1437 929 1501 deos.

179 1522 266 1586 Nune
288 1522 362 1584 milri
384 1524 426 1584 nil
449 1531 595 1604 superest,
619 1524 678 1583 nisi
700 1531 739 1592 te,
762 1523 902 1591 lormnsa,
926 1520 1061 1600 precari3

223 1607 429 1689 Amplectique
450 1617 526 1677 tuos,
551 1611 576 1669 si
597 1610 723 1687 patiare,
745 1605 847 1687 pedes.

180 1694 238 1753 Aut
262 1710 317 1770 ego
340 1694 463 1769 Sigaeos
485 1702 628 1772 repetam,
653 1700 681 1751 te
704 1691 841 1771 conjuge,
864 1698 984 1768 portus:
1098 1697 1152 1752 640

222 1777 280 1836 Aut
303 1793 357 1853 ego
380 1775 526 1837 Taenaria
549 1783 693 1853 contegar
715 1775 783 1836 exul
806 1776 907 1835 humo.

180 1860 276 1921 Ausus
299 1878 340 1929 es,
363 1859 413 1920 illa
435 1860 538 1929 refert,
564 1860 715 1920 temeratis
738 1859 849 1920 advena
873 1861 968 1918 sacris

223 1943 399 2021 Legitimam
423 1951 531 2023 nuptae
554 1942 717 2005 sollicitare
740 1943 849 2004 fidem?

180 2027 244 2088 Hoc
266 2045 349 2105 rogo,
374 2026 542 2088 dissimules
564 2029 622 2088 uisi
645 2035 677 2088 tu
700 2028 847 2088 desistere
869 2025 950 2104 uelis,

223 2111 281 2172 Sed
305 2129 360 2171 eur
382 2112 527 2173 desistas?
551 2111 740 2174 dissimulare
762 2119 856 2192 potes.
1098 2118 1150 2167 645
1213 2153 1215 2156 -
1248 2129 1249 2146 ¹

181 2196 276 2268 Quam
298 2195 407 2256 multus
431 2196 527 2257 eredis
548 2193 672 2276 juvenes
695 2204 807 2275 optare,
831 2197 912 2275 quod
935 2202 1029 2274 optas

223 2278 280 2349 Qui
302 2280 431 2351 videant,
455 2281 556 2342 oeulos
579 2301 616 2343 an
639 2281 707 2341 Pari
730 2282 809 2342 solus
831 2279 944 2340 habes?

127 2421 140 2442 ,
180 2364 223 2426 td
246 2382 383 2445 possessa
405 2366 487 2426 venis
510 2374 728 2445 praeraptaque
752 2363 858 2442 gaudia
881 2381 966 2424 serus

223 2450 297 2530 Spes
319 2457 370 2511 tua
392 2448 471 2511 lenta
493 2450 562 2510 init:
587 2450 667 2529 quod
690 2451 777 2528 petis,
798 2449 875 2514 alter
897 2447 997 2508 habet.

247 2667 306 2719 628.
325 2668 368 2720 29.
387 2666 438 2719 Or.
455 2665 569 2720 Heroid.
588 2665 663 2729 XVI,
682 2669 706 2717 3.
723 2668 741 2716 4

273 2733 416 2797 Eloquar?
435 2748 472 2783 en
489 2733 614 2784 flammae
633 2749 688 2784 non
707 2738 751 2785 est
769 2749 838 2800 opus
855 2732 948 2783 indice
966 2736 1050 2783 notae

178 2800 642 2929 63031Elillu1⁸1eert⁰ltvm8
711 2870 770 2920 eae.
788 2870 829 2919 ae
850 2868 900 2922 ov
918 2868 985 2921 Her
1003 2866 1084 2928 xvi,
1104 2869 1149 2918 aa

67 2959 68 2962 ¹
180 2938 222 2989 36.
244 2936 318 2987 lento
341 2936 450 3001 pepigit
466 2935 499 2991 V
517 2951 613 2987 aurea.
700 2938 759 2986 634.
778 2937 818 2989 36.
839 2933 922 2987 Orid.
940 2933 1055 2985 Heroid.
1073 2904 1149 3000 XVI,

180 3005 239 3058 161
257 3006 298 3054 62.
368 3003 427 3057 636,
447 3002 512 3054 Cod
537 3019 595 3067 am,
619 3018 669 3054 nos
693 3008 778 3069 atque
801 3003 915 3054 secund.
934 3003 1015 3053 Ovid.
1033 3002 1149 3052 Heroid.

179 3070 253 3135 XVI,
274 3072 331 3121 177
399 3072 456 3122 636.
476 3072 516 3126 37.
539 3040 603 3121 ibid'.
622 3071 700 3133 XVI,
720 3073 777 3122 177.
799 3073 856 3123 178
926 3072 985 3121 638
1004 3072 1046 3121 39.
1065 3068 1149 3125 Ovid

179 3138 291 3188 Heroid.
309 3137 383 3201 XVI,
401 3138 461 3191 269.
479 3140 537 3189 270.
606 3140 665 3190 640.
682 3107 724 3194 41.
740 3137 812 3190 Ibid.
829 3140 888 3189 273.
906 3139 964 3192 274.
987 3137 1085 3204 Margo
1104 3152 1150 3187 ex·
1248 3171 1249 3182 .

178 3205 269 3272 plicat
286 3204 340 3269 sig
359 3221 410 3271 per
426 3204 575 3269 Trojanoa‚
593 3206 732 3256 Taenaria
750 3222 800 3272 per
818 3204 947 3256 Graecia
1028 3207 1088 3257 642.
1105 3206 1149 3256 43.

179 3272 260 3326 ovid.
277 3273 392 3325 Heroid.
410 3274 497 3335 XVII,
515 3277 539 3328 3.
558 3275 583 3323 4.
636 3274 696 3323 644.
714 3275 756 3328 45.
774 3274 825 3325 Or.
843 3274 910 3323 Her.
929 3271 1020 3338 XVII,
1034 3274 1091 3324 151
1104 3273 1150 3337 52,
1161 3295 1163 3300 >

178 3345 291 3406 praeter
310 3341 383 3405 quod
402 3343 450 3393 151
480 3311 516 3393 tlt
534 3345 564 3391 tu
582 3340 740 3391 dissimula.
759 3342 813 3391 nisi
832 3340 856 3391 ei
872 3341 1005 3391 desistere
1023 3340 1121 3392 marm.

178 3409 237 3462 646.
255 3410 297 3463 47.
321 3409 363 3459 le
381 3409 461 3461 Orid
480 3409 546 3460 Her
564 3407 651 3468 XVII,
671 3411 714 3463 99.
734 3411 783 3461 100
801 3408 907 3463 eredas.
925 3408 1046 3472 sapiant
1064 3408 1149 3460 Paris

178 3489 257 3526 uuus.
344 3478 402 3532 648.
420 3480 464 3529 49.
483 3478 532 3531 Ov.
552 3476 618 3528 Her.
636 3446 725 3539 XVII,
744 3478 804 3528 107.
823 3477 881 3530 108.
