2509 3917
85 227 88 234 ’
165 215 226 282 168
352 183 357 190 ’
490 207 619 275 Linvi.
656 216 810 270 nce-ra.
886 287 894 294 .

162 369 228 432 Non
250 367 343 431 miror
365 369 515 431 Priamum
539 384 599 428 uon
621 366 693 427 hinc
716 383 774 427 nou
798 366 867 427 inde
889 366 1015 434 moveri,

205 453 242 515 Et
265 455 346 515 varie
369 455 543 515 variavere
566 458 692 513 sonante
715 451 790 530 rapi.

162 537 340 600 Obtuudunt
360 537 507 617 siquidem
531 552 672 598 curarum
694 541 815 610 pectora
839 551 977 596 sensum:
1104 543 1142 593 46

205 622 378 685 Intermissa
399 624 500 684 minus
521 621 637 683 sarcina
660 618 778 700 pondus
799 618 899 680 habet

128 753 137 763 .
162 708 248 770 Felix
270 709 323 784 qui
345 708 441 786 potuit
463 703 651 786 tranquillam
674 705 786 768 ducere
808 706 897 766 ritem

205 792 242 854 Et
264 790 341 853 laeto
364 789 488 852 stabiles
509 789 650 853 claudere
671 792 732 853 line
753 790 827 852 dies.

164 877 195 938 Si
218 878 294 954 quis,
317 894 393 957 quae
415 894 481 937 mea
503 877 543 937 sit
563 894 656 955 super
678 875 726 937 his
746 877 902 945 sententia,
926 876 1057 954 quaerit,
1162 927 1168 936 ,

205 960 275 1022 Plus
297 978 386 1038 quam
408 958 463 1022 sub
485 958 574 1030 bello,
598 961 699 1021 vivere
720 978 794 1039 pace
815 976 901 1037 rogo.
1106 969 1143 1017 50

164 1045 258 1106 Nemo
281 1046 416 1115 miretur,
440 1043 488 1105 his
510 1045 613 1124 quinte
635 1043 796 1105 revolvitur
817 1054 917 1106 aestas
1109 1064 1112 1068 ·

206 1128 293 1200 Quod
315 1131 443 1210 patriam
465 1136 545 1190 tanta
568 1126 773 1190 commoluere
794 1127 881 1199 mala,

162 1212 200 1274 lit
221 1211 353 1291 glacialis
374 1213 470 1275 hieros
492 1212 682 1292 aquilonibus
704 1220 824 1293 asperat
844 1213 941 1274 undas

204 1298 265 1359 lam
290 1296 398 1369 decies,
420 1315 537 1375 pugnae
560 1314 615 1358 neo
638 1296 802 1359 numerabo
824 1299 915 1359 vices.

162 1380 250 1444 Nullo
272 1380 426 1444 nobiscum
449 1399 551 1443 sumus
573 1398 704 1459 unquam
727 1390 874 1462 tempore,
897 1390 1003 1444 noctes
1107 1394 1143 1441 55

205 1466 348 1528 Ducimur
369 1467 534 1535 insomnes,
558 1469 657 1527 omnis
678 1483 778 1548 amare
801 1465 874 1528 dies.

162 1550 332 1613 llendicant
352 1552 489 1629 requiem
511 1558 581 1631 post
602 1551 725 1629 lengum
747 1550 883 1613 membra
905 1549 1051 1620 laborem,

207 1634 291 1696 Unde
313 1641 383 1713 peto
406 1636 478 1713 poni
499 1635 625 1713 proelia.
650 1651 723 1714 pace
746 1633 814 1697 irui.

162 1716 330 1780 Pelidamas
352 1718 453 1779 uerbis
474 1735 628 1779 assensum
651 1716 790 1797 praebuit
811 1722 877 1780 istis

204 1802 242 1862 Et
263 1819 367 1881 pacem
389 1804 455 1864 fieri
479 1802 619 1882 postulat,
643 1821 726 1864 arma
748 1806 856 1882 premi.

447 1980 619 2052 [rennos
637 1982 847 2058 nonomen]

162 2105 257 2166 lralus
279 2104 605 2166 Priamusz-Antennrl
628 2123 709 2167 nune
732 2109 853 2167 recitata

204 2188 265 2258 Est,
289 2191 340 2257 eit,
364 2207 379 2248 a
403 2191 499 2267 capite
522 2191 640 2267 cognita
664 2208 753 2251 eausa
775 2190 840 2251 tihi.

165 2272 208 2334 nd
231 2273 347 2335 Danaos
369 2271 486 2351 legatus
510 2290 586 2342 eras,
610 2292 679 2336 cum
702 2282 787 2353 rapta
809 2274 915 2336 inisset

206 2359 347 2420 Primitus
370 2356 506 2437 Hesyone
529 2358 665 2437 iactaque
687 2358 799 2438 praeda
821 2361 928 2437 gravis,

161 2444 287 2522 insuper
309 2443 426 2503 occisus
448 2445 575 2521 genitor,
600 2442 668 2520 quid
693 2451 791 2504 cetera
815 2444 934 2505 dicam?
1105 2456 1143 2505 65

205 2526 330 2607 Propria
352 2528 491 2587 continue
514 2526 643 2603 prodere
665 2525 776 2608 probra
800 2527 906 2606 pudor.

164 2611 231 2672 Non
254 2613 340 2688 quasi
364 2610 525 2678 nuntiolus,
549 2628 637 2690 quam
661 2613 844 2673 secretarius
865 2612 938 2682 ibas,

204 2695 346 2766 Namvia
368 2695 491 2755 oonsilio
514 2694 627 2773 prodiit
648 2692 696 2756 illa
720 2704 782 2756 tuo.

160 2779 204 2841 ld
228 2779 359 2840 Graecos
381 2780 482 2858 itaque
504 2780 647 2847 transisti,
670 2780 741 2859 quid
764 2775 912 2840 retulisti?

202 2862 309 2925 Nonne
331 2871 455 2940 repente
477 2864 538 2922 suis
561 2871 590 2922 te
613 2880 767 2942 pupugere
790 2861 926 2943 probris?
1101 2875 1142 2925 70

159 2947 264 3010 Nonne
286 2946 428 3023 frequens
449 2947 583 3008 hortator
603 2945 682 3014 'eras
706 2948 791 3008 utin
814 2965 896 3008 arma
919 2946 1034 3008 velaret

204 3031 239 3091 Et
263 3037 400 3107 quateret
422 3036 514 3090 tntum
537 3032 634 3108 patria
655 3048 744 3111 posse
765 3050 862 3092 suum.

160 3165 364 3178 ...........----

228 3234 269 3287 45.
288 3231 329 3281 46.
347 3229 459 3282 Maxim.
472 3232 506 3294 V,
518 3232 560 3281 69.
574 3232 615 3281 70.
676 3234 718 3286 47,
730 3234 773 3284 le.
791 3231 872 3297 Apud
885 3231 965 3285 eund
977 3233 999 3296 1,
1012 3234 1072 3296 289,
1085 3237 1138 3286 90.

295 3298 377 3347 Felix
397 3297 443 3360 qni
461 3297 561 3346 meruit
579 3298 757 3361 tranquillam
775 3298 878 3348 ducere
895 3299 983 3350 vitem

329 3364 367 3412 Et
385 3362 474 3411 laetos
492 3361 589 3411 stabili
607 3362 737 3413 claudere
754 3365 808 3414 line
827 3365 895 3416 dies.

162 3432 204 3480 5⁶2.
223 3429 334 3492 Virgilii
353 3433 396 3478 est
407 3428 476 3477 Aen.
488 3426 538 3487 Ill,
554 3427 610 3479 286.
652 3430 693 3480 56.
711 3429 779 3493 glos.
794 3445 864 3482 omn.
879 3447 931 3481 am.
944 3431 980 3484 di.
995 3437 1047 3487 est.
1083 3435 1131 3485 66.

160 3493 229 3555 glos.
247 3493 322 3556 prod,
340 3494 431 3557 probr.
450 3493 515 3556 pud.
536 3496 585 3544 est.

1232 1053 1235 1126 ³
