2509 3917
171 199 232 263 160
483 199 546 249 Lib.
566 200 599 253 V.
634 213 659 253 v.
678 198 823 249 asa-883.

168 353 243 415 Cum
266 352 364 431 coepit
385 341 523 429 quassata
545 350 653 412 domus
675 348 883 427 procumbere,
908 357 1009 427 partes

211 437 243 497 ln
266 436 447 516 proclinatas
469 451 557 495 omne
580 432 728 496 recumbit
750 452 836 495 onus.

169 521 228 590 Sic,
252 527 408 601 postquem
431 526 532 580 nostra
555 519 714 580 subierunt
736 536 805 578 arva
829 517 955 595 Pelasgi,
1087 525 1139 576 855

212 603 302 683 'lroja
326 604 415 666 modo
438 605 508 664 vicit
531 611 560 664 et
582 603 671 664 modo
693 605 767 663 ricta
790 603 862 668 luit:

168 688 254 751 Nunc
277 697 375 750 autern
399 706 545 750 concussa
567 689 655 757 cadit,
678 705 771 767 quum
794 686 918 748 Graecia
941 687 1049 747 victrix

213 773 363 852 Opprimit
386 782 416 833 et
437 772 506 833 belli
528 773 663 851 pondera
686 772 748 832 sola
771 774 864 849 gerit3

170 856 207 917 Et
229 857 298 936 quia
320 856 485 926 succubuit,
509 863 589 916 tanta
611 858 640 916 ri
663 873 767 936 pressa
787 855 912 916 reclinat

213 941 245 1002 ln
268 959 325 1002 nos
348 949 464 1002 tortura
487 943 605 1001 sarcina
627 939 716 1020 Graja
738 939 830 1019 gravi.
1088 947 1141 998 888

170 1027 349 1088 Corruimus
371 1025 469 1104 plene.
492 1042 552 1085 non
575 1042 680 1105 paene.
716 1023 869 1086 Probatio.
903 1022 975 1094 Quis
997 1041 1054 1084 nos

213 1109 360 1187 Degeneri
384 1111 479 1170 nescit
500 1108 550 1168 hic
572 1109 687 1171 latitare
710 1110 797 1187 luga?

170 1196 335 1272 Speremus
357 1195 421 1254 lieri
445 1194 583 1254 victores:
607 1196 677 1273 quis
698 1192 888 1274 prohibebit?

214 1277 289 1356 Spes
311 1279 417 1348 reficit,
442 1276 596 1338 dominum
619 1277 696 1338 fallit
718 1286 748 1337 et
770 1280 832 1357 ipsa
856 1293 952 1337 suurn.

169 1360 255 1432 Quod
279 1378 390 1431 sumus,
416 1371 461 1424 est
482 1360 637 1441 liquidum,
663 1362 778 1442 decepti
801 1361 920 1440 saepius
934 1361 991 1421 hac
1006 1377 1070 1441 spe,
1087 1368 1140 1418 885

213 1446 264 1507 Sic
287 1446 439 1507 dominum
461 1444 572 1507 sterilis
595 1464 684 1526 saepe
705 1445 811 1507 ielellit
833 1462 915 1522 ager.

170 1532 246 1610 Spes
269 1538 313 1591 est
334 1533 367 1591 in
389 1530 487 1592 dubiis
509 1547 628 1608 semper
651 1548 752 1591 comes
774 1532 885 1606 optima
908 1528 1007 1597 rebus,

216 1613 274 1675 Sed
298 1625 379 1677 caret
400 1621 500 1691 optato
523 1632 583 1675 non
605 1612 699 1676 semel
720 1613 769 1674 illa
791 1614 885 1675 lucro.

171 1697 237 1759 Non
259 1697 365 1760 faciam
389 1699 426 1759 de
448 1698 530 1759 clare
552 1716 659 1767 seram,
683 1697 825 1759 reserabo
848 1706 986 1777 patenter

214 1780 320 1842 Omnia
341 1801 418 1862 quae
439 1791 529 1843 teneo
551 1790 674 1860 pectore
696 1783 795 1844 clausa
819 1800 897 1842 meo.
1087 1790 1143 1839 870

171 1865 318 1927 Funditus
340 1867 512 1936 occidimus,
538 1885 594 1927 nec
616 1866 707 1928 habet
729 1867 848 1928 lortuna
871 1883 1053 1943 regressum,

215 1950 281 2012 Non
304 1950 395 2015 habet
417 1954 447 2012 in
471 1951 558 2013 nobis
579 1949 640 2030 jam
663 1969 736 2012 nova
759 1950 846 2029 plaga
870 1948 979 2011 locum.

171 2036 299 2097 Oreinus
321 2053 436 2116 pacem,
460 2035 580 2096 dextras
602 2036 758 2096 tendamus
780 2038 902 2104 inertes,

213 2118 252 2180 Ut
273 2128 390 2181 vertant
411 2120 513 2181 hostes
536 2119 571 2180 ad
596 2137 651 2180 sua
673 2136 744 2179 rura
767 2120 870 2198 pedes.

105 2207 111 2222 ¹
172 2203 299 2282 Raptam
322 2203 482 2265 reddamus
505 2201 648 2265 Helenam
671 2202 833 2280 redeatque
856 2204 969 2282 rapina,
1089 2211 1143 2260 875

213 2288 288 2349 Esse
311 2290 407 2350 solent
429 2306 536 2365 magno
558 2287 665 2348 damna
689 2289 804 2349 minora
826 2287 915 2354 bono,

171 2372 209 2433 Et
231 2371 399 2451 Phrygibus
422 2370 550 2451 Phrygia
571 2374 610 2433 sit
632 2372 729 2448 tellus,
753 2371 878 2433 Graecia
902 2371 1032 2440 Graecis,

215 2454 296 2516 Bella
318 2455 490 2535 relegentur
512 2458 611 2516 omnia
634 2473 708 2535 pace
730 2455 807 2517 dala.
1092 2453 1114 2470 ‘

172 2541 290 2601 Ancora
313 2538 428 2601 consilii
453 2539 557 2601 subeat
580 2543 641 2601 cito
665 2539 764 2601 littora
786 2549 905 2615 cuncta,

216 2623 260 2684 Ne
282 2622 387 2685 lassata
410 2625 482 2685 ratis
506 2627 694 2685 concutiatur
716 2626 809 2701 aquis.
1090 2631 1145 2681 888

173 2705 252 2769 Sero
275 2710 435 2787 respicitur
456 2706 553 2786 tellus,
578 2707 630 2768 ubi
653 2709 724 2769 lune
747 2707 845 2769 soluto
898 2747 900 2752 »

216 2789 314 2851 Currit
337 2795 367 2852 in
391 2795 569 2854 immensum
592 2792 689 2872 panda
712 2795 813 2853 carina
837 2792 941 2853 salum.

175 2873 355 2936 incumbunt
377 2878 469 2937 muris
491 2875 571 2937 velut
594 2877 740 2938 undosum
764 2895 846 2938 mare
870 2877 985 2945 Graeci,

275 3147 334 3197 853.
354 3148 396 3200 54.
424 3145 505 3202 ovid.
523 3145 605 3196 Trist.
623 3146 661 3209 11,
679 3148 721 3197 88.
740 3147 782 3210 84,
804 3146 853 3196 nbi
875 3149 969 3194 tamen
991 3159 1041 3209 pro
1061 3159 1147 3209 „pro-

171 3213 319 3264 cumbere“
339 3212 521 3276 ,‚enbsidere“
539 3213 650 3278 legitur.
719 3215 779 3269 863.
797 3213 883 3263 schol.
896 3228 1007 3277 nempe:
1028 3225 1146 3276 sperare

143 3280 263 3329 'licent
332 3282 391 3331 864.
411 3279 548 3343 Pamphil.
565 3280 587 3339 Ι,
608 3282 649 3330 16.
702 3281 761 3331 866.
782 3278 863 3333 ovid.
878 3280 929 3330 Ars
947 3276 1030 3335 amni.
1047 3280 1070 3340 1,
1081 3281 1145 3335 450.

170 3348 231 3401 872,
254 3347 304 3397 Ov.
323 3362 357 3395 cx
374 3345 595 3409 Pont.11,7,4n,
613 3345 704 3410 ‚,vix“
722 3348 815 3402 hebet.
876 3348 936 3398 876.
959 3346 1009 3398 Ov.
1028 3346 1147 3397 Remed.

172 3412 231 3460 6⁷2.
301 3415 359 3467 881,
379 3415 420 3462 82.
451 3410 531 3461 Ovid.
550 3414 640 3465 Amor.
658 3412 695 3472 ΙΙ,
717 3416 756 3472 11,
775 3417 815 3465 23.
835 3417 877 3465 24.
896 3414 991 3465 Nostri
1014 3414 1148 3478 „conspi-

172 3476 266 3525 citnr“
286 3483 315 3527 ct
332 3478 422 3541 „linc“
441 3492 476 3527 ex
494 3476 592 3528 Ovidio
611 3479 822 3535 emendavimus.
