2509 3917
28 3325 31 3436 i

409 267 471 322 Lau.
489 267 535 321 vi.
570 282 596 317 v.
615 270 759 318 sm-ecr.
1006 266 1068 332 195

139 421 281 484 Promisit
303 429 421 496 tempus
444 429 544 480 nostra
568 423 684 481 marine
707 420 827 498 quibus.

93 509 197 569 iiieute
220 514 320 566 tamen
344 504 454 565 tumida
478 512 612 581 cogente,
637 505 776 585 superbia
801 508 910 567 mansit

140 591 294 651 Materiam
318 588 401 649 muiii
423 589 625 667 compositura
649 589 728 650 maii.

93 676 236 737 Nascitur
258 676 337 734 inter
359 692 410 734 eos
432 687 553 742 rancor,
576 682 686 743 tumor,
709 677 764 744 ira,'
786 675 928 747 simuitas,
1017 686 1066 737 815

140 759 272 819 invidiae
295 760 420 827 facinus,
445 775 512 817 cum
535 758 653 819 scritate
678 759 772 821 doius.

94 844 235 922 Denique
257 845 438 914 conveniunt
460 840 527 902 iites
549 843 684 926 acuendo
707 843 882 906 Corinthum

142 928 326 988 Inmemores
347 929 501 1007 propriam
526 925 571 987 rix
594 930 728 1006 tetigisse
750 929 880 1000 domum,

96 1012 136 1074 Et
159 1013 217 1073 nisi
240 1009 382 1073 Nestorea
406 1027 510 1089 pacem
534 1010 654 1073 suadela
677 1021 801 1081 crearet,

146 1096 257 1158 Fessus
279 1116 311 1158 se
333 1093 460 1177 populus
483 1097 514 1155 in
537 1114 611 1156 nova
636 1096 711 1158 helia
735 1098 829 1159 daret.
1009 1101 1070 1159 '820

100 1180 136 1241 iu
161 1199 213 1241 sua
236 1182 357 1242 victoria
380 1198 541 1242 conversus
564 1182 678 1242 viscera
700 1181 781 1244 ierro

143 1265 250 1326 Festus
271 1268 425 1326 consuevit
448 1275 490 1325 tot
511 1281 657 1343 generare
681 1265 765 1327 maia:

97 1350 162 1411 Nec
184 1351 248 1412 sine
269 1348 386 1429 jactura
408 1349 559 1414 Menelaus
581 1351 702 1410 ioedcre
724 1350 812 1410 foedo

145 1433 245 1495 Foede
269 1434 404 1496 foedatus
425 1436 457 1494 in
480 1451 532 1494 sua
556 1451 648 1512 regne
672 1435 765 1506 redit;
1078 1503 1080 1506 v

98 1513 216 1580 Rumor
237 1520 269 1588 ii,
293 1528 323 1579 et
344 1536 484 1597 magnum
507 1518 698 1580 sermonibus
720 1529 845 1597 occupat
867 1520 982 1594 orbem,
1020 1531 1069 1581 seo

145 1602 218 1664 Dum
242 1621 316 1680 quae
340 1604 525 1682 contigerant
547 1601 681 1663 urbisin
705 1621 776 1665 aure
798 1613 919 1665 sonant:

101 1686 194 1757 Quem
219 1688 301 1749 Paris
323 1686 493 1756 abstulerat,
518 1696 547 1748 et
568 1705 624 1767 pro
647 1707 705 1767 qua
728 1688 851 1749 Graecia
876 1698 934 1751 tote

145 1770 201 1831 Per
223 1772 316 1832 denos
336 1789 430 1833 annos
452 1771 565 1851 proelia
587 1775 689 1843 movit,
713 1773 808 1834 adesit

101 1856 200 1918 Patria
225 1860 379 1919 concurrit
402 1856 457 1917 hac
479 1875 535 1937 pro
557 1855 687 1918 muliere
709 1857 844 1929 videnda,

144 1940 301 2020 osquam
323 1950 367 2003 tot
388 1959 539 2021 proceres,
562 1948 606 2001 tot
627 1944 745 2021 periere
767 1943 869 2005 duces.
1015 1953 1067 2004 880

102 2025 241 2096 Quamvis
261 2026 385 2105 pulchra
408 2028 496 2095 soret,
518 2027 633 2093 dicunt,
656 2030 727 2105 quia
749 2026 835 2088 ioede
857 2029 963 2088 fuisset

144 2108 236 2170 Passa
257 2113 448 2189 peregrinum
471 2118 577 2190 sponte
599 2109 756 2190 libensque
778 2113 883 2179 virum.

104 2194 170 2254 Non
193 2212 225 2253 se
248 2194 414 2257 debuerant
435 2198 464 2256 in
487 2204 613 2257 mortem
637 2212 691 2273 pro
714 2194 839 2257 muiiere

149 2278 207 2338 iarn
230 2281 325 2360 turpis
347 2282 443 2341 ianuae
465 2279 556 2340 miliia
580 2286 660 2340 tenta
682 2279 763 2341 dare.

104 2362 165 2423 Nec
187 2370 303 2441 poterat
325 2364 469 2425 mundum
491 2364 619 2444 Trojano
641 2365 727 2425 ruina
749 2363 854 2439 latere,
1021 2372 1071 2423 835

148 2446 282 2528 Undique
304 2450 381 2509 iarna
404 2449 491 2519 votet,
514 2448 604 2526 Troja
626 2466 755 2526 perora
778 2447 866 2508 iabat.

107 2530 249 2592 Mirantur
270 2534 442 2613 quicunque
464 2532 562 2595 soient
582 2533 698 2594 ratione
719 2535 826 2613 potiri:

147 2615 300 2678 Narrantis
323 2616 431 2697 conjux
453 2618 563 2696 pendet
585 2616 621 2677 ab
644 2634 697 2678 ore
720 2618 782 2677 viri.

107 2699 202 2779 Troje,
226 2700 335 2772 ierunt,
359 2702 475 2772 cecidit,
499 2720 586 2782 quam
604 2699 703 2779 gioria
726 2701 804 2763 celsa
826 2700 941 2771 levarit,

147 2784 331 2863 Magnificum
356 2804 445 2867 saepe
467 2804 575 2849 nomen
598 2786 636 2846 ad
658 2793 737 2847 astra
760 2785 836 2847 tulit.
1021 2793 1072 2844 840

109 2867 218 2938 Quanta
240 2879 409 2947 potentatus
430 2870 541 2933 fuerint
562 2872 689 2946 insignia
711 2870 821 2952 ‘FroJae

148 2952 209 3014 Nec
230 2954 356 3016 facunda
380 2963 477 3035 potest
499 2973 638 3036 promere
661 2952 759 3033 lingua
783 2955 869 3016 bene.

109 3038 177 3117 Ejus
197 3038 396 3102 inhorrebant
418 3041 517 3104 audito
541 3042 660 3101 nomine
683 3058 780 3116 reges,

150 3121 219 3199 Eius
240 3124 276 3183 ad
299 3125 457 3204 imperium
482 3133 691 3185 contremuere
714 3124 820 3195 duces3

173 3360 231 3411 825.
250 3359 344 3410 Ovidii
361 3367 406 3410 esi
422 3359 534 3411 Metem.
551 3360 600 3419 VI,
621 3359 678 3410 147.
754 3359 812 3413 837.
831 3361 873 3411 88.
891 3360 942 3411 Ov.
961 3358 1029 3408 Her.
1047 3358 1072 3423 1,
1172 3373 1181 3382 “

111 3428 149 3481 to.
165 3429 204 3478 30.
273 3427 410 3479 Mirantur
423 3426 547 3493 justique
566 3442 654 3490 senes,
672 3427 850 3493 trepidaeque
868 3424 994 3491 puellae:

308 3496 454 3546 Narrantis
471 3494 572 3560 conjux
590 3493 692 3562 pendet
711 3495 746 3545 ab
765 3509 811 3544 ore
830 3495 890 3544 viri.

112 3562 166 3615 888.
183 3560 250 3615 eoo.
269 3560 420 3628 Oonjuunx.

819 3644 869 3694 13·
