2509 3917
444 200 508 253 Lib.
527 201 563 253 11.
597 218 623 253 v.
642 204 785 253 ott-602.

133 354 262 415 Obsistit
282 351 443 423 Telamone
465 362 547 413 satus
568 355 740 432 raptimque
761 360 887 415 notatam

178 441 200 498 t
222 437 318 516 prima
341 439 435 514 puppi
457 440 586 498 sustinet
607 440 672 516 ipse
694 454 806 515 pyram.

134 522 270 583 Sustinet
292 528 322 580 et
343 520 424 581 solus
445 519 578 581 defendit
600 520 681 581 mille
703 522 829 591 carinas,

178 603 307 684 llejectis
328 604 446 683 pridem
468 622 521 665 cor
542 611 701 665 revocatur
721 605 804 665 item.

132 688 286 768 llejiciunt
308 691 408 765 ignem
431 690 536 758 Danai,
559 687 725 750 bachantur
746 691 778 750 in
801 689 926 758 bostem,
1048 696 1100 746 580

177 773 303 835 Sudoris
325 776 406 833 rivos
427 772 478 833 dat
500 791 574 833 nova
596 790 696 852 pugna
718 790 821 833 novoe.

133 858 229 919 lmmo
250 875 345 918 norus
366 874 421 935 per
444 856 576 918 membra
599 874 691 918 cruor
713 856 848 918 fluxisset
869 858 1028 936 utrimque,

176 942 241 1002 Nox
263 942 322 1002 nisi
344 940 507 1001 terribilem
530 940 656 1020 pelleret
676 947 740 1003 atra
763 940 854 1002 diem.

270 1135 481 1192 PATROCLUS
498 1137 546 1191 AB
563 1136 734 1192 HECTORE
752 1067 997 1193 OOCIDITUR.'

133 1263 200 1323 Lux
223 1267 325 1321 exorta
346 1264 428 1320 viros
449 1261 480 1321 in
503 1260 628 1338 pristine
652 1258 728 1320 bella
749 1260 886 1331 remittit,

177 1345 265 1406 Fiant
286 1343 512 1415 lituis,ralidus
534 1341 664 1423 perculit
685 1352 763 1404 astra
786 1360 887 1404 sonus.
1047 1351 1098 1401 585

132 1429 281 1492 Dardanai
305 1428 455 1507 Danaique
477 1427 569 1488 duces
589 1426 769 1507 jamjamque
789 1430 1002 1507 propinquant,

177 1516 201 1590 Α
223 1513 321 1592 prima
342 1515 441 1574 fronte
462 1511 521 1573 tela
544 1512 648 1571 nidere
670 1511 746 1570 vide.

134 1597 327 1659 Concurrunt
348 1600 446 1665 cunei,
469 1594 622 1657 celebrant
644 1596 782 1655 convivia·
800 1593 913 1663 mortis,

178 1681 288 1742 Pocula
311 1681 430 1741 Plutoni
452 1678 679 1758 sanguinolenta
700 1678 796 1746 litant,

132 1767 195 1828 En!
217 1768 327 1826 iterum
349 1765 432 1826 ierus
454 1765 564 1827 Hector
586 1764 680 1834 adest,
703 1781 758 1841 per
779 1763 984 1899 devisscampi
1047 1770 1098 1820 500

178 1850 314 1926 Exagltat
335 1850 450 1910 Danaos
472 1867 544 1911 ense
566 1849 695 1910 secando
718 1856 812 1909 entes.

133 1933 233 1997 Caede
254 1934 436 1994 Menotiades
458 1935 549 1994 nimia
572 1931 769 1993 succumbere
791 1933 898 2008 Graios

178 2019 307 2080 lotuitus
328 2018 443 2078 medios
465 2017 562 2077 lertur
583 2017 612 2077 in
636 2015 728 2077 bostis
750 2012 848 2093 agros.

135 2103 252 2171 Caedit,
274 2119 331 2163 nec
352 2102 443 2178 cedit,
465 2100 616 2162 caedendo
640 2101 782 2162 cadavera
805 2098 896 2170 dedit,

179 2186 316 2248 Cervices
335 2184 452 2262 jugulat
473 2202 598 2265 ossaque
619 2185 715 2245 tracte
738 2193 830 2246 creat.
1049 2190 1099 2239 505

134 2271 175 2331 Et
196 2271 266 2349 quia
288 2271 332 2329 vir
354 2270 440 2330 tortis
461 2272 552 2329 armis
574 2276 620 2330 est
642 2286 714 2330 usus
735 2268 865 2336 Achillis,

179 2355 244 2415 Una
266 2355 441 2434 superficies
463 2371 588 2432 corpora
611 2352 702 2413 multa
725 2353 819 2428 lugat.
857 2350 860 2356 ’

133 2438 278 2502 Creditur
299 2457 317 2498 a
339 2438 464 2505 cunctis,
488 2455 544 2498 uec
566 2437 683 2505 mirum,
707 2434 786 2512 quod
809 2435 848 2496 sit
868 2431 1007 2502 Achilles,

178 2520 252 2590 Quis
274 2540 334 2582 non
358 2521 530 2590 crediderit,
553 2522 603 2580 bic
625 2522 671 2580 vir
692 2529 725 2580 ut
747 2536 828 2579 armo
850 2517 926 2579 tulit.

133 2607 257 2677 Hector,
279 2607 310 2665 in
332 2606 461 2666 induviis
484 2603 626 2684 dependit
648 2612 681 2664 ut
703 2603 751 2664 bic
773 2602 889 2673 alienis,
1049 2610 1100 2659 500

177 2689 396 2750 Subsaunativo
419 2688 553 2750 clamitat
571 2691 628 2748 ista
653 2687 759 2749 modo:

133 2773 232 2835 Nemo
255 2792 324 2835 suas
345 2775 424 2834 vices
447 2771 535 2834 debet
557 2773 780 2841 transcendere,
804 2789 890 2831 nemo

203 3010 331 3060 orn-ts.
349 3009 532 3074 Epitomator.
549 3024 574 3063 v,
592 3009 694 3058 eon-4
964 3039 967 3044 -

339 3102 373 3112 -
391 3102 424 3112 -
441 3103 473 3112 -
491 3077 565 3126 Huic
582 3075 684 3125 validis
701 3072 813 3125 obsistit
829 3071 935 3122 viribus
953 3068 1024 3134 Ajax

202 3142 286 3193 Stans
302 3144 392 3207 primo
410 3144 440 3192 in
456 3144 551 3209 puppi,
570 3143 723 3207 clypeoque
742 3139 871 3190 incendite
889 3153 974 3191 eosve

204 3211 339 3273 Sustinet,
358 3214 387 3261 et
404 3210 479 3261 eolus
495 3210 619 3259 defendit
635 3209 711 3259 mille
729 3208 845 3258 carinas.

134 3279 195 3329 584.
213 3273 390 3342 Epitomator
406 3276 594 3331 10000744.
663 3278 721 3327 585.
743 3276 773 3325 in
784 3275 920 3338 margine:
939 3287 1032 3339 pugne
1043 3275 1099 3320 ter·

131 3345 183 3406 tia,
201 3346 300 3408 inqua
313 3344 460 3395 Patroclus
473 3346 507 3395 ab
521 3346 643 3395 Hectore
656 3339 796 3396 occiditur.
848 3343 907 3393 ost.
926 3352 986 3406 pro:
999 3337 1101 3388 ridere.

131 3414 192 3463 592.
222 3411 363 3463 Scholion:
382 3411 534 3463 Patroclus.
602 3414 662 3463 596.
692 3409 757 3460 Cod.
775 3409 906 3460 Achilles.
980 3407 1038 3459 601.
1066 3420 1101 3455 ex

131 3482 262 3545 margine
279 3494 343 3544 pro:
363 3480 542 3530 subsannabo·
