<?xml version="1.0" encoding="UTF-8"?>
<!DOCTYPE html PUBLIC "-//W3C//DTD XHTML 1.0 Transitional//EN"
    "http://www.w3.org/TR/xhtml1/DTD/xhtml1-transitional.dtd">
<html xmlns="http://www.w3.org/1999/xhtml" xml:lang="en" lang="en">
 <head>
  <title>
</title>
<meta http-equiv="Content-Type" content="text/html;charset=utf-8" />
  <meta name='ocr-system' content='tesseract 3.04.00' />
  <meta name='ocr-capabilities' content='ocr_page ocr_carea ocr_par ocr_line ocrx_word'/>
</head>
<body>
  <div class='ocr_page' id='page_1' title='image "./troilus00albegoog_0177.png"; bbox 0 0 2509 3917; ppageno 0'>
   <div class='ocr_carea' id='block_1_1' title="bbox 409 164 1067 231">
    <p class='ocr_par' dir='ltr' id='par_1_1' title="bbox 409 164 1067 231">
     <span class='ocr_line' id='line_1_1' title="bbox 409 164 1067 231; baseline 0.023 -15"><span class='ocrx_word' id='word_1_1' title='bbox 409 164 471 217; x_wconf 74' lang='lat' dir='ltr'><strong>uin.</strong></span> <span class='ocrx_word' id='word_1_2' title='bbox 487 164 534 218; x_wconf 86' lang='lat' dir='ltr'><strong>1v.</strong></span> <span class='ocrx_word' id='word_1_3' title='bbox 563 183 590 220; x_wconf 75' lang='lat' dir='ltr'><strong>v.</strong></span> <span class='ocrx_word' id='word_1_4' title='bbox 608 169 750 220; x_wconf 72' lang='lat' dir='ltr'><strong>oar-ase.</strong></span> <span class='ocrx_word' id='word_1_5' title='bbox 1001 167 1067 231; x_wconf 75' lang='lat'>&#39;123</span> 
     </span>
    </p>
   </div>
   <div class='ocr_carea' id='block_1_2' title="bbox 169 311 996 387">
    <p class='ocr_par' dir='ltr' id='par_1_2' title="bbox 169 311 996 387">
     <span class='ocr_line' id='line_1_2' title="bbox 169 311 996 387; baseline 0.004 -21"><span class='ocrx_word' id='word_1_6' title='bbox 169 311 458 383; x_wconf 81' lang='lat' dir='ltr'><strong>[PENTHESILEAE</strong></span> <span class='ocrx_word' id='word_1_7' title='bbox 477 313 676 377; x_wconf 80' lang='lat' dir='ltr'>ADVENTUS</span> <span class='ocrx_word' id='word_1_8' title='bbox 693 312 739 370; x_wconf 81' lang='grc' dir='ltr'><strong>ΕΤ</strong></span> <span class='ocrx_word' id='word_1_9' title='bbox 756 313 996 387; x_wconf 66' lang='lat' dir='ltr'><strong>nunciorum]</strong></span> 
     </span>
    </p>
   </div>
   <div class='ocr_carea' id='block_1_3' title="bbox 91 436 1065 3110">
    <p class='ocr_par' dir='ltr' id='par_1_3' title="bbox 91 436 1065 3110">
     <span class='ocr_line' id='line_1_3' title="bbox 97 436 807 505; baseline 0.003 -10"><span class='ocrx_word' id='word_1_10' title='bbox 97 437 138 496; x_wconf 75' lang='lat' dir='ltr'><strong>At</strong></span> <span class='ocrx_word' id='word_1_11' title='bbox 161 436 298 495; x_wconf 80' lang='lat' dir='ltr'>Priamus</span> <span class='ocrx_word' id='word_1_12' title='bbox 320 453 438 496; x_wconf 89' lang='lat' dir='ltr'><strong>murum</strong></span> <span class='ocrx_word' id='word_1_13' title='bbox 460 439 595 505; x_wconf 82' lang='lat' dir='ltr'><strong>munivit,</strong></span> <span class='ocrx_word' id='word_1_14' title='bbox 618 436 696 498; x_wconf 89' lang='lat' dir='ltr'><strong>bella</strong></span> <span class='ocrx_word' id='word_1_15' title='bbox 718 437 807 499; x_wconf 87' lang='lat' dir='ltr'><strong>silere</strong></span> 
     </span>
     <span class='ocr_line' id='line_1_4' title="bbox 142 517 713 587; baseline 0 -8"><span class='ocrx_word' id='word_1_16' title='bbox 142 517 254 587; x_wconf 80' lang='lat' dir='ltr'><strong>Maluit,</strong></span> <span class='ocrx_word' id='word_1_17' title='bbox 277 521 308 578; x_wconf 90' lang='lat' dir='ltr'><strong>in</strong></span> <span class='ocrx_word' id='word_1_18' title='bbox 330 537 419 580; x_wconf 88' lang='lat' dir='ltr'><strong>causa</strong></span> <span class='ocrx_word' id='word_1_19' title='bbox 441 519 625 581; x_wconf 74' lang='lat' dir='ltr'><strong>Penthesilea</strong></span> <span class='ocrx_word' id='word_1_20' title='bbox 649 523 713 582; x_wconf 84' lang='lat' dir='ltr'><strong>luit.</strong></span> 
     </span>
     <span class='ocr_line' id='line_1_5' title="bbox 101 603 856 685; baseline 0.007 -23"><span class='ocrx_word' id='word_1_21' title='bbox 101 603 239 663; x_wconf 85' lang='lat' dir='ltr'><strong>Haecin</strong></span> <span class='ocrx_word' id='word_1_22' title='bbox 260 604 461 663; x_wconf 74' lang='lat' dir='ltr'>Amazonibus</span> <span class='ocrx_word' id='word_1_23' title='bbox 482 603 626 681; x_wconf 77' lang='lat' dir='ltr'><strong>regnabat</strong></span> <span class='ocrx_word' id='word_1_24' title='bbox 649 605 739 665; x_wconf 87' lang='lat' dir='ltr'><strong>divite</strong></span> <span class='ocrx_word' id='word_1_25' title='bbox 762 623 856 685; x_wconf 81' lang='lat' dir='ltr'><strong>regno</strong></span> 
     </span>
     <span class='ocr_line' id='line_1_6' title="bbox 143 684 719 757; baseline 0.005 -11"><span class='ocrx_word' id='word_1_26' title='bbox 143 684 277 757; x_wconf 79' lang='lat' dir='ltr'><strong>illustris,</strong></span> <span class='ocrx_word' id='word_1_27' title='bbox 301 687 395 756; x_wconf 83' lang='lat' dir='ltr'><strong>sortis,</strong></span> <span class='ocrx_word' id='word_1_28' title='bbox 419 687 525 748; x_wconf 87' lang='lat' dir='ltr'><strong>bellica</strong></span> <span class='ocrx_word' id='word_1_29' title='bbox 547 692 614 750; x_wconf 86' lang='lat' dir='ltr'><strong>trita</strong></span> <span class='ocrx_word' id='word_1_30' title='bbox 639 690 719 751; x_wconf 84' lang='lat' dir='ltr'><strong>satis.</strong></span> 
     </span>
     <span class='ocr_line' id='line_1_7' title="bbox 96 770 1062 851; baseline 0.003 -22"><span class='ocrx_word' id='word_1_31' title='bbox 96 771 184 830; x_wconf 87' lang='lat' dir='ltr'><strong>Haec</strong></span> <span class='ocrx_word' id='word_1_32' title='bbox 205 770 350 847; x_wconf 85' lang='lat' dir='ltr'><strong>siquidem</strong></span> <span class='ocrx_word' id='word_1_33' title='bbox 373 771 459 832; x_wconf 87' lang='lat' dir='ltr'><strong>miles</strong></span> <span class='ocrx_word' id='word_1_34' title='bbox 482 781 545 832; x_wconf 89' lang='lat' dir='ltr'><strong>erat</strong></span> <span class='ocrx_word' id='word_1_35' title='bbox 567 775 688 851; x_wconf 85' lang='lat' dir='ltr'><strong>optima,</strong></span> <span class='ocrx_word' id='word_1_36' title='bbox 712 790 767 833; x_wconf 90' lang='lat' dir='ltr'><strong>nec</strong></span> <span class='ocrx_word' id='word_1_37' title='bbox 789 776 854 833; x_wconf 89' lang='lat' dir='ltr'><strong>sine</strong></span> <span class='ocrx_word' id='word_1_38' title='bbox 876 771 963 835; x_wconf 91' lang='lat' dir='ltr'><strong>laude</strong></span> <span class='ocrx_word' id='word_1_39' title='bbox 1012 783 1062 832; x_wconf 78' lang='lat'><strong>635</strong></span> 
     </span>
     <span class='ocr_line' id='line_1_8' title="bbox 145 853 824 934; baseline 0.003 -20"><span class='ocrx_word' id='word_1_40' title='bbox 145 855 231 914; x_wconf 82' lang='lat' dir='ltr'><strong>Rexit</strong></span> <span class='ocrx_word' id='word_1_41' title='bbox 253 853 455 934; x_wconf 86' lang='lat' dir='ltr'><strong>cornipedem.</strong></span> <span class='ocrx_word' id='word_1_42' title='bbox 477 855 608 917; x_wconf 80' lang='lat' dir='ltr'><strong>reddidit</strong></span> <span class='ocrx_word' id='word_1_43' title='bbox 630 874 703 917; x_wconf 85' lang='lat' dir='ltr'><strong>ense</strong></span> <span class='ocrx_word' id='word_1_44' title='bbox 722 857 824 918; x_wconf 88' lang='lat' dir='ltr'><strong>vicem.</strong></span> 
     </span>
     <span class='ocr_line' id='line_1_9' title="bbox 95 936 803 1002; baseline 0.003 -4"><span class='ocrx_word' id='word_1_45' title='bbox 95 939 192 999; x_wconf 88' lang='lat' dir='ltr'><strong>Hasta</strong></span> <span class='ocrx_word' id='word_1_46' title='bbox 213 936 353 999; x_wconf 89' lang='lat' dir='ltr'><strong>nobiliter</strong></span> <span class='ocrx_word' id='word_1_47' title='bbox 375 957 533 1001; x_wconf 85' lang='lat' dir='ltr'><strong>occurrere</strong></span> <span class='ocrx_word' id='word_1_48' title='bbox 555 947 680 1002; x_wconf 82' lang='lat' dir='ltr'><strong>noverat</strong></span> <span class='ocrx_word' id='word_1_49' title='bbox 700 940 803 1001; x_wconf 87' lang='lat' dir='ltr'><strong>hastae</strong></span> 
     </span>
     <span class='ocr_line' id='line_1_10' title="bbox 144 1022 824 1105; baseline 0.004 -23"><span class='ocrx_word' id='word_1_50' title='bbox 144 1023 280 1097; x_wconf 82' lang='lat' dir='ltr'><strong>Tergore</strong></span> <span class='ocrx_word' id='word_1_51' title='bbox 302 1022 471 1102; x_wconf 83' lang='lat' dir='ltr'><strong>cornipedis</strong></span> <span class='ocrx_word' id='word_1_52' title='bbox 492 1026 690 1105; x_wconf 86' lang='lat' dir='ltr'><strong>praecipitare</strong></span> <span class='ocrx_word' id='word_1_53' title='bbox 712 1026 824 1093; x_wconf 88' lang='lat' dir='ltr'><strong>virum;</strong></span> 
     </span>
     <span class='ocr_line' id='line_1_11' title="bbox 93 1107 847 1187; baseline 0.005 -21"><span class='ocrx_word' id='word_1_54' title='bbox 93 1107 132 1166; x_wconf 88' lang='lat' dir='ltr'><strong>ln</strong></span> <span class='ocrx_word' id='word_1_55' title='bbox 156 1123 262 1185; x_wconf 89' lang='lat' dir='ltr'><strong>campo</strong></span> <span class='ocrx_word' id='word_1_56' title='bbox 284 1110 432 1166; x_wconf 87' lang='lat' dir='ltr'><strong>currentis</strong></span> <span class='ocrx_word' id='word_1_57' title='bbox 454 1111 524 1187; x_wconf 89' lang='lat' dir='ltr'><strong>equi</strong></span> <span class='ocrx_word' id='word_1_58' title='bbox 546 1109 601 1168; x_wconf 87' lang='lat' dir='ltr'><strong>luit</strong></span> <span class='ocrx_word' id='word_1_59' title='bbox 622 1108 672 1169; x_wconf 92' lang='lat' dir='ltr'><strong>illa</strong></span> <span class='ocrx_word' id='word_1_60' title='bbox 695 1112 847 1186; x_wconf 80' lang='lat' dir='ltr'><strong>magistra,</strong></span> 
     </span>
     <span class='ocr_line' id='line_1_12' title="bbox 145 1189 1065 1253; baseline 0.003 -5"><span class='ocrx_word' id='word_1_61' title='bbox 145 1189 207 1249; x_wconf 87' lang='lat' dir='ltr'><strong>Nec</strong></span> <span class='ocrx_word' id='word_1_62' title='bbox 228 1189 372 1250; x_wconf 90' lang='lat' dir='ltr'><strong>modicam</strong></span> <span class='ocrx_word' id='word_1_63' title='bbox 395 1189 513 1252; x_wconf 90' lang='lat' dir='ltr'><strong>laudern</strong></span> <span class='ocrx_word' id='word_1_64' title='bbox 536 1193 605 1252; x_wconf 88' lang='lat' dir='ltr'><strong>tibia</strong></span> <span class='ocrx_word' id='word_1_65' title='bbox 630 1202 709 1253; x_wconf 90' lang='lat' dir='ltr'><strong>mota</strong></span> <span class='ocrx_word' id='word_1_66' title='bbox 732 1193 825 1253; x_wconf 86' lang='lat' dir='ltr'><strong>dedit.</strong></span> <span class='ocrx_word' id='word_1_67' title='bbox 1015 1202 1065 1251; x_wconf 79' lang='grc'><strong>040</strong></span> 
     </span>
     <span class='ocr_line' id='line_1_13' title="bbox 97 1273 950 1354; baseline 0.005 -20"><span class='ocrx_word' id='word_1_68' title='bbox 97 1273 234 1334; x_wconf 79' lang='lat' dir='ltr'><strong>Pulchre</strong></span> <span class='ocrx_word' id='word_1_69' title='bbox 257 1274 351 1334; x_wconf 83' lang='lat' dir='ltr'><strong>calcal</strong></span> <span class='ocrx_word' id='word_1_70' title='bbox 373 1293 491 1353; x_wconf 88' lang='lat' dir='ltr'><strong>equum,</strong></span> <span class='ocrx_word' id='word_1_71' title='bbox 516 1276 669 1354; x_wconf 88' lang='lat' dir='ltr'><strong>propulsat</strong></span> <span class='ocrx_word' id='word_1_72' title='bbox 690 1274 844 1354; x_wconf 77' lang='lat' dir='ltr'><strong>pulchrius</strong></span> <span class='ocrx_word' id='word_1_73' title='bbox 866 1273 950 1338; x_wconf 88' lang='lat' dir='ltr'><strong>illum</strong></span> 
     </span>
     <span class='ocr_line' id='line_1_14' title="bbox 140 1356 839 1437; baseline 0.003 -20"><span class='ocrx_word' id='word_1_74' title='bbox 140 1356 327 1435; x_wconf 90' lang='lat' dir='ltr'><strong>Perpulchre</strong></span> <span class='ocrx_word' id='word_1_75' title='bbox 349 1359 434 1432; x_wconf 77' lang='lat' dir='ltr'><strong>girat,</strong></span> <span class='ocrx_word' id='word_1_76' title='bbox 459 1360 573 1435; x_wconf 84' lang='lat' dir='ltr'><strong>singula</strong></span> <span class='ocrx_word' id='word_1_77' title='bbox 598 1358 720 1437; x_wconf 90' lang='lat' dir='ltr'><strong>pulchra</strong></span> <span class='ocrx_word' id='word_1_78' title='bbox 744 1369 839 1436; x_wconf 88' lang='lat' dir='ltr'><strong>parat.</strong></span> 
     </span>
     <span class='ocr_line' id='line_1_15' title="bbox 91 1442 771 1520; baseline 0 -17"><span class='ocrx_word' id='word_1_79' title='bbox 91 1442 223 1503; x_wconf 87' lang='lat' dir='ltr'><strong>Militiae</strong></span> <span class='ocrx_word' id='word_1_80' title='bbox 246 1442 342 1502; x_wconf 86' lang='lat' dir='ltr'><strong>calcar</strong></span> <span class='ocrx_word' id='word_1_81' title='bbox 364 1444 395 1501; x_wconf 91' lang='lat' dir='ltr'><strong>ln</strong></span> <span class='ocrx_word' id='word_1_82' title='bbox 417 1442 503 1520; x_wconf 87' lang='lat' dir='ltr'><strong>plata,</strong></span> <span class='ocrx_word' id='word_1_83' title='bbox 527 1443 624 1504; x_wconf 87' lang='lat' dir='ltr'><strong>calcar</strong></span> <span class='ocrx_word' id='word_1_84' title='bbox 648 1443 771 1503; x_wconf 86' lang='lat' dir='ltr'><strong>honoris</strong></span> 
     </span>
     <span class='ocr_line' id='line_1_16' title="bbox 140 1525 782 1593; baseline 0 -9"><span class='ocrx_word' id='word_1_85' title='bbox 140 1527 175 1584; x_wconf 90' lang='lat' dir='ltr'><strong>ln</strong></span> <span class='ocrx_word' id='word_1_86' title='bbox 199 1527 286 1593; x_wconf 84' lang='lat' dir='ltr'><strong>lama,</strong></span> <span class='ocrx_word' id='word_1_87' title='bbox 311 1525 387 1584; x_wconf 90' lang='lat' dir='ltr'><strong>bene</strong></span> <span class='ocrx_word' id='word_1_88' title='bbox 409 1527 468 1586; x_wconf 90' lang='lat' dir='ltr'><strong>lert</strong></span> <span class='ocrx_word' id='word_1_89' title='bbox 490 1526 563 1587; x_wconf 91' lang='lat' dir='ltr'><strong>illud</strong></span> <span class='ocrx_word' id='word_1_90' title='bbox 586 1534 616 1586; x_wconf 86' lang='lat' dir='ltr'><strong>et</strong></span> <span class='ocrx_word' id='word_1_91' title='bbox 638 1526 714 1585; x_wconf 88' lang='lat' dir='ltr'><strong>istud</strong></span> <span class='ocrx_word' id='word_1_92' title='bbox 739 1544 782 1587; x_wconf 91' lang='lat' dir='ltr'><strong>ea.</strong></span> 
     </span>
     <span class='ocr_line' id='line_1_17' title="bbox 91 1608 1064 1676; baseline -0.001 -6"><span class='ocrx_word' id='word_1_93' title='bbox 91 1611 198 1670; x_wconf 81' lang='lat' dir='ltr'><strong>Aurea</strong></span> <span class='ocrx_word' id='word_1_94' title='bbox 220 1610 332 1669; x_wconf 85' lang='lat' dir='ltr'><strong>serrato</strong></span> <span class='ocrx_word' id='word_1_95' title='bbox 355 1608 449 1670; x_wconf 89' lang='lat' dir='ltr'><strong>calcat</strong></span> <span class='ocrx_word' id='word_1_96' title='bbox 471 1608 597 1671; x_wconf 88' lang='lat' dir='ltr'><strong>calcaria</strong></span> <span class='ocrx_word' id='word_1_97' title='bbox 621 1609 710 1676; x_wconf 85' lang='lat' dir='ltr'><strong>calce,</strong></span> <span class='ocrx_word' id='word_1_98' title='bbox 1015 1618 1064 1669; x_wconf 84' lang='grc'><strong>545</strong></span> 
     </span>
     <span class='ocr_line' id='line_1_18' title="bbox 142 1690 1046 1773; baseline 0.004 -21"><span class='ocrx_word' id='word_1_99' title='bbox 142 1695 227 1752; x_wconf 79' lang='lat' dir='ltr'><strong>Auro</strong></span> <span class='ocrx_word' id='word_1_100' title='bbox 248 1693 331 1752; x_wconf 86' lang='lat' dir='ltr'><strong>irena</strong></span> <span class='ocrx_word' id='word_1_101' title='bbox 355 1695 441 1773; x_wconf 33' lang='lat' dir='ltr'><strong>citus!</strong></span> <span class='ocrx_word' id='word_1_102' title='bbox 453 1692 607 1772; x_wconf 90' lang='lat' dir='ltr'><strong>splendida</strong></span> <span class='ocrx_word' id='word_1_103' title='bbox 632 1693 750 1754; x_wconf 85' lang='lat' dir='ltr'><strong>mordet</strong></span> <span class='ocrx_word' id='word_1_104' title='bbox 772 1711 875 1772; x_wconf 90' lang='lat' dir='ltr'><strong>equus.</strong></span> <span class='ocrx_word' id='word_1_105' title='bbox 1043 1690 1046 1693; x_wconf 64' lang='grc'>’</span> 
     </span>
     <span class='ocr_line' id='line_1_19' title="bbox 93 1775 895 1856; baseline 0 -19"><span class='ocrx_word' id='word_1_106' title='bbox 93 1775 212 1855; x_wconf 77' lang='lat' dir='ltr'><strong>lnclyta</strong></span> <span class='ocrx_word' id='word_1_107' title='bbox 235 1776 320 1836; x_wconf 88' lang='lat' dir='ltr'><strong>miles</strong></span> <span class='ocrx_word' id='word_1_108' title='bbox 342 1787 420 1850; x_wconf 50' lang='lat' dir='ltr'><strong>erate</strong></span> <span class='ocrx_word' id='word_1_109' title='bbox 440 1785 503 1838; x_wconf 88' lang='lat' dir='ltr'><strong>erat</strong></span> <span class='ocrx_word' id='word_1_110' title='bbox 525 1784 629 1856; x_wconf 86' lang='lat' dir='ltr'><strong>niaque</strong></span> <span class='ocrx_word' id='word_1_111' title='bbox 653 1783 711 1837; x_wconf 84' lang='lat' dir='ltr'><strong>toto</strong></span> <span class='ocrx_word' id='word_1_112' title='bbox 735 1777 895 1847; x_wconf 82' lang='lat' dir='ltr'><strong>Quiritum,</strong></span> 
     </span>
     <span class='ocr_line' id='line_1_20' title="bbox 141 1859 859 1940; baseline 0.011 -22"><span class='ocrx_word' id='word_1_113' title='bbox 141 1859 225 1928; x_wconf 84' lang='lat' dir='ltr'><strong>Quae</strong></span> <span class='ocrx_word' id='word_1_114' title='bbox 247 1867 326 1920; x_wconf 87' lang='lat' dir='ltr'><strong>tanta</strong></span> <span class='ocrx_word' id='word_1_115' title='bbox 350 1859 443 1920; x_wconf 86' lang='lat' dir='ltr'><strong>laetae</strong></span> <span class='ocrx_word' id='word_1_116' title='bbox 466 1864 601 1940; x_wconf 89' lang='lat' dir='ltr'><strong>principe</strong></span> <span class='ocrx_word' id='word_1_117' title='bbox 623 1860 742 1939; x_wconf 87' lang='lat' dir='ltr'><strong>semper</strong></span> <span class='ocrx_word' id='word_1_118' title='bbox 766 1871 859 1925; x_wconf 86' lang='lat' dir='ltr'><strong>erant.</strong></span> 
     </span>
     <span class='ocr_line' id='line_1_21' title="bbox 91 1944 857 2025; baseline 0.001 -21"><span class='ocrx_word' id='word_1_119' title='bbox 91 1945 257 2004; x_wconf 83' lang='lat' dir='ltr'><strong>Praeterea</strong></span> <span class='ocrx_word' id='word_1_120' title='bbox 279 1945 410 2004; x_wconf 80' lang='lat' dir='ltr'><strong>formosa</strong></span> <span class='ocrx_word' id='word_1_121' title='bbox 432 1946 505 2014; x_wconf 56' lang='lat' dir='ltr'><strong>luite</strong></span> <span class='ocrx_word' id='word_1_122' title='bbox 528 1953 694 2023; x_wconf 86' lang='lat' dir='ltr'><strong>naturaque</strong></span> <span class='ocrx_word' id='word_1_123' title='bbox 716 1944 816 2005; x_wconf 91' lang='lat' dir='ltr'><strong>multis</strong></span> <span class='ocrx_word' id='word_1_124' title='bbox 854 2020 857 2025; x_wconf 25' lang='grc' dir='ltr'>Ι</span> 
     </span>
     <span class='ocr_line' id='line_1_22' title="bbox 142 2027 1063 2089; baseline -0.002 -2"><span class='ocrx_word' id='word_1_125' title='bbox 142 2027 277 2087; x_wconf 89' lang='lat' dir='ltr'><strong>Laudum</strong></span> <span class='ocrx_word' id='word_1_126' title='bbox 300 2028 475 2088; x_wconf 87' lang='lat' dir='ltr'><strong>muneribus</strong></span> <span class='ocrx_word' id='word_1_127' title='bbox 497 2028 668 2089; x_wconf 87' lang='lat' dir='ltr'><strong>nobilitarat</strong></span> <span class='ocrx_word' id='word_1_128' title='bbox 691 2046 765 2087; x_wconf 89' lang='lat' dir='ltr'><strong>eam.</strong></span> <span class='ocrx_word' id='word_1_129' title='bbox 1012 2036 1063 2086; x_wconf 82' lang='grc'><strong>650</strong></span> 
     </span>
     <span class='ocr_line' id='line_1_23' title="bbox 96 2110 835 2188; baseline -0.004 -15"><span class='ocrx_word' id='word_1_130' title='bbox 96 2111 215 2173; x_wconf 88' lang='lat' dir='ltr'><strong>Orbem</strong></span> <span class='ocrx_word' id='word_1_131' title='bbox 239 2111 288 2171; x_wconf 89' lang='lat' dir='ltr'><strong>dat</strong></span> <span class='ocrx_word' id='word_1_132' title='bbox 310 2112 396 2186; x_wconf 86' lang='lat' dir='ltr'><strong>capili</strong></span> <span class='ocrx_word' id='word_1_133' title='bbox 419 2121 543 2173; x_wconf 89' lang='lat' dir='ltr'><strong>naturae</strong></span> <span class='ocrx_word' id='word_1_134' title='bbox 560 2114 696 2172; x_wconf 81' lang='lat' dir='ltr'><strong>circinus</strong></span> <span class='ocrx_word' id='word_1_135' title='bbox 718 2110 835 2188; x_wconf 84' lang='lat' dir='ltr'><strong>orbum,</strong></span> 
     </span>
     <span class='ocr_line' id='line_1_24' title="bbox 142 2195 860 2272; baseline -0.004 -17"><span class='ocrx_word' id='word_1_136' title='bbox 142 2195 233 2255; x_wconf 80' lang='lat' dir='ltr'><strong>Orbis</strong></span> <span class='ocrx_word' id='word_1_137' title='bbox 253 2197 299 2255; x_wconf 84' lang='lat' dir='ltr'><strong>uli</strong></span> <span class='ocrx_word' id='word_1_138' title='bbox 320 2203 427 2255; x_wconf 85' lang='lat' dir='ltr'><strong>statuat</strong></span> <span class='ocrx_word' id='word_1_139' title='bbox 450 2196 544 2256; x_wconf 85' lang='lat' dir='ltr'><strong>lomna</strong></span> <span class='ocrx_word' id='word_1_140' title='bbox 566 2195 688 2272; x_wconf 86' lang='lat' dir='ltr'><strong>globosa</strong></span> <span class='ocrx_word' id='word_1_141' title='bbox 711 2195 860 2255; x_wconf 88' lang='lat' dir='ltr'><strong>trochum.</strong></span> 
     </span>
     <span class='ocr_line' id='line_1_25' title="bbox 94 2279 820 2354; baseline 0 -16"><span class='ocrx_word' id='word_1_142' title='bbox 94 2279 245 2354; x_wconf 83' lang='lat' dir='ltr'><strong>Fulgurat</strong></span> <span class='ocrx_word' id='word_1_143' title='bbox 266 2281 296 2336; x_wconf 93' lang='lat' dir='ltr'><strong>in</strong></span> <span class='ocrx_word' id='word_1_144' title='bbox 320 2280 402 2338; x_wconf 91' lang='lat' dir='ltr'><strong>crine</strong></span> <span class='ocrx_word' id='word_1_145' title='bbox 424 2282 503 2340; x_wconf 86' lang='lat' dir='ltr'><strong>nitor</strong></span> <span class='ocrx_word' id='word_1_146' title='bbox 527 2283 599 2348; x_wconf 84' lang='lat' dir='ltr'><strong>auri,</strong></span> <span class='ocrx_word' id='word_1_147' title='bbox 623 2279 684 2339; x_wconf 90' lang='lat' dir='ltr'><strong>lilia</strong></span> <span class='ocrx_word' id='word_1_148' title='bbox 707 2280 820 2345; x_wconf 88' lang='lat' dir='ltr'><strong>irontc;</strong></span> 
     </span>
     <span class='ocr_line' id='line_1_26' title="bbox 142 2360 942 2441; baseline 0 -20"><span class='ocrx_word' id='word_1_149' title='bbox 142 2361 237 2431; x_wconf 85' lang='lat' dir='ltr'><strong>Quem</strong></span> <span class='ocrx_word' id='word_1_150' title='bbox 260 2360 347 2422; x_wconf 91' lang='lat' dir='ltr'><strong>simul</strong></span> <span class='ocrx_word' id='word_1_151' title='bbox 370 2371 403 2422; x_wconf 88' lang='lat' dir='ltr'><strong>ut</strong></span> <span class='ocrx_word' id='word_1_152' title='bbox 425 2365 576 2441; x_wconf 89' lang='lat' dir='ltr'><strong>speculum</strong></span> <span class='ocrx_word' id='word_1_153' title='bbox 599 2373 632 2423; x_wconf 89' lang='lat' dir='ltr'><strong>tu</strong></span> <span class='ocrx_word' id='word_1_154' title='bbox 656 2361 810 2440; x_wconf 83' lang='lat' dir='ltr'><strong>speculare</strong></span> <span class='ocrx_word' id='word_1_155' title='bbox 833 2360 942 2421; x_wconf 89' lang='lat' dir='ltr'><strong>locum.</strong></span> 
     </span>
     <span class='ocr_line' id='line_1_27' title="bbox 94 2444 1064 2523; baseline -0.003 -19"><span class='ocrx_word' id='word_1_156' title='bbox 94 2445 164 2506; x_wconf 88' lang='lat' dir='ltr'><strong>Sub</strong></span> <span class='ocrx_word' id='word_1_157' title='bbox 187 2445 306 2523; x_wconf 89' lang='lat' dir='ltr'><strong>specula</strong></span> <span class='ocrx_word' id='word_1_158' title='bbox 330 2446 435 2505; x_wconf 82' lang='lat' dir='ltr'><strong>ironiis</strong></span> <span class='ocrx_word' id='word_1_159' title='bbox 456 2449 588 2507; x_wconf 88' lang='lat' dir='ltr'><strong>vaccinia</strong></span> <span class='ocrx_word' id='word_1_160' title='bbox 612 2449 697 2523; x_wconf 78' lang='lat' dir='ltr'><strong>nigra</strong></span> <span class='ocrx_word' id='word_1_161' title='bbox 720 2444 859 2522; x_wconf 82' lang='lat' dir='ltr'><strong>leguntur</strong></span> <span class='ocrx_word' id='word_1_162' title='bbox 1015 2452 1064 2501; x_wconf 85' lang='grc'><strong>555</strong></span> 
     </span>
     <span class='ocr_line' id='line_1_28' title="bbox 142 2527 993 2606; baseline 0.002 -18"><span class='ocrx_word' id='word_1_163' title='bbox 142 2529 239 2599; x_wconf 89' lang='lat' dir='ltr'><strong>Quum</strong></span> <span class='ocrx_word' id='word_1_164' title='bbox 264 2527 430 2606; x_wconf 85' lang='lat' dir='ltr'><strong>superciliis</strong></span> <span class='ocrx_word' id='word_1_165' title='bbox 452 2539 497 2589; x_wconf 92' lang='lat' dir='ltr'><strong>est</strong></span> <span class='ocrx_word' id='word_1_166' title='bbox 519 2529 600 2590; x_wconf 89' lang='lat' dir='ltr'><strong>color</strong></span> <span class='ocrx_word' id='word_1_167' title='bbox 622 2530 673 2589; x_wconf 88' lang='lat' dir='ltr'><strong>ille</strong></span> <span class='ocrx_word' id='word_1_168' title='bbox 696 2529 788 2590; x_wconf 88' lang='lat' dir='ltr'><strong>datus.</strong></span> <span class='ocrx_word' id='word_1_169' title='bbox 990 2542 993 2548; x_wconf 83' lang='lat'>&#39;</span> 
     </span>
     <span class='ocr_line' id='line_1_29' title="bbox 95 2612 862 2691; baseline 0 -19"><span class='ocrx_word' id='word_1_170' title='bbox 95 2612 136 2672; x_wconf 86' lang='lat' dir='ltr'><strong>si</strong></span> <span class='ocrx_word' id='word_1_171' title='bbox 158 2621 276 2691; x_wconf 85' lang='lat' dir='ltr'><strong>spectes</strong></span> <span class='ocrx_word' id='word_1_172' title='bbox 297 2613 412 2682; x_wconf 90' lang='lat' dir='ltr'><strong>melius,</strong></span> <span class='ocrx_word' id='word_1_173' title='bbox 436 2616 572 2689; x_wconf 80' lang='lat' dir='ltr'><strong>geminos</strong></span> <span class='ocrx_word' id='word_1_174' title='bbox 593 2616 755 2674; x_wconf 87' lang='lat' dir='ltr'><strong>intersecat</strong></span> <span class='ocrx_word' id='word_1_175' title='bbox 776 2629 862 2673; x_wconf 89' lang='lat' dir='ltr'><strong>arcus</strong></span> 
     </span>
     <span class='ocr_line' id='line_1_30' title="bbox 146 2694 734 2758; baseline 0.003 -3"><span class='ocrx_word' id='word_1_176' title='bbox 146 2695 210 2756; x_wconf 89' lang='lat' dir='ltr'><strong>Non</strong></span> <span class='ocrx_word' id='word_1_177' title='bbox 234 2697 405 2757; x_wconf 81' lang='lat' dir='ltr'><strong>obfuscatae</strong></span> <span class='ocrx_word' id='word_1_178' title='bbox 427 2694 521 2758; x_wconf 82' lang='lat' dir='ltr'><strong>lactea</strong></span> <span class='ocrx_word' id='word_1_179' title='bbox 543 2699 639 2758; x_wconf 89' lang='lat' dir='ltr'><strong>inrma</strong></span> <span class='ocrx_word' id='word_1_180' title='bbox 662 2699 734 2757; x_wconf 87' lang='lat' dir='ltr'><strong>viae.</strong></span> 
     </span>
     <span class='ocr_line' id='line_1_31' title="bbox 95 2779 823 2861; baseline 0.003 -24"><span class='ocrx_word' id='word_1_181' title='bbox 95 2779 251 2840; x_wconf 82' lang='lat' dir='ltr'><strong>Excubiae</strong></span> <span class='ocrx_word' id='word_1_182' title='bbox 274 2779 381 2840; x_wconf 86' lang='lat' dir='ltr'><strong>ironiis</strong></span> <span class='ocrx_word' id='word_1_183' title='bbox 403 2789 539 2861; x_wconf 87' lang='lat' dir='ltr'><strong>spectant</strong></span> <span class='ocrx_word' id='word_1_184' title='bbox 560 2779 705 2841; x_wconf 87' lang='lat' dir='ltr'><strong>laetanter</strong></span> <span class='ocrx_word' id='word_1_185' title='bbox 727 2779 823 2856; x_wconf 83' lang='lat' dir='ltr'><strong>ocelli,</strong></span> 
     </span>
     <span class='ocr_line' id='line_1_32' title="bbox 147 2863 1065 2941; baseline -0.001 -20"><span class='ocrx_word' id='word_1_186' title='bbox 147 2863 223 2924; x_wconf 90' lang='lat' dir='ltr'><strong>Luce</strong></span> <span class='ocrx_word' id='word_1_187' title='bbox 245 2864 449 2941; x_wconf 79' lang='lat' dir='ltr'><strong>smaragdinea</strong></span> <span class='ocrx_word' id='word_1_188' title='bbox 472 2865 577 2924; x_wconf 85' lang='lat' dir='ltr'><strong>sideris</strong></span> <span class='ocrx_word' id='word_1_189' title='bbox 598 2867 690 2924; x_wconf 88' lang='lat' dir='ltr'><strong>instar</strong></span> <span class='ocrx_word' id='word_1_190' title='bbox 713 2864 837 2930; x_wconf 89' lang='lat' dir='ltr'><strong>hahent;</strong></span> <span class='ocrx_word' id='word_1_191' title='bbox 1015 2872 1065 2921; x_wconf 85' lang='grc'><strong>600</strong></span> 
     </span>
     <span class='ocr_line' id='line_1_33' title="bbox 95 2945 861 3025; baseline 0.004 -17"><span class='ocrx_word' id='word_1_192' title='bbox 95 2945 166 3008; x_wconf 88' lang='lat' dir='ltr'><strong>Nec</strong></span> <span class='ocrx_word' id='word_1_193' title='bbox 188 2956 244 3007; x_wconf 74' lang='lat' dir='ltr'><strong>mat</strong></span> <span class='ocrx_word' id='word_1_194' title='bbox 265 2964 326 3009; x_wconf 79' lang='lat' dir='ltr'><strong>nec,</strong></span> <span class='ocrx_word' id='word_1_195' title='bbox 342 2949 455 3013; x_wconf 72' lang='lat' dir='ltr'><strong>transitv</strong></span> <span class='ocrx_word' id='word_1_196' title='bbox 471 2948 538 3025; x_wconf 91' lang='lat' dir='ltr'><strong>plus</strong></span> <span class='ocrx_word' id='word_1_197' title='bbox 559 2958 641 3008; x_wconf 89' lang='lat' dir='ltr'><strong>recto</strong></span> <span class='ocrx_word' id='word_1_198' title='bbox 663 2945 767 3025; x_wconf 82' lang='lat' dir='ltr'><strong>regula</strong></span> <span class='ocrx_word' id='word_1_199' title='bbox 790 2949 861 3016; x_wconf 84' lang='lat' dir='ltr'><strong>nasi,</strong></span> 
     </span>
     <span class='ocr_line' id='line_1_34' title="bbox 148 3029 759 3110; baseline 0.002 -21"><span class='ocrx_word' id='word_1_200' title='bbox 148 3030 199 3090; x_wconf 91' lang='lat' dir='ltr'><strong>llic</strong></span> <span class='ocrx_word' id='word_1_201' title='bbox 221 3029 330 3110; x_wconf 89' lang='lat' dir='ltr'><strong>aquila,</strong></span> <span class='ocrx_word' id='word_1_202' title='bbox 354 3030 440 3102; x_wconf 89' lang='lat' dir='ltr'><strong>hello,</strong></span> <span class='ocrx_word' id='word_1_203' title='bbox 465 3033 562 3105; x_wconf 72' lang='lat' dir='ltr'><strong>simia,</strong></span> <span class='ocrx_word' id='word_1_204' title='bbox 587 3031 660 3091; x_wconf 88' lang='lat' dir='ltr'><strong>cede</strong></span> <span class='ocrx_word' id='word_1_205' title='bbox 682 3030 759 3091; x_wconf 89' lang='lat' dir='ltr'><strong>loco.</strong></span> 
     </span>
    </p>
   </div>
   <div class='ocr_carea' id='block_1_4' title="bbox 98 3163 308 3174">
    <p class='ocr_par' dir='ltr' id='par_1_4' title="bbox 98 3163 308 3174">
     <span class='ocr_line' id='line_1_35' title="bbox 98 3163 308 3174; baseline 0 -1"><span class='ocrx_word' id='word_1_206' title='bbox 98 3163 308 3174; x_wconf 59' lang='lat'><strong>..—</strong></span> 
     </span>
    </p>
   </div>
   <div class='ocr_carea' id='block_1_5' title="bbox 170 3210 1179 3297">
    <p class='ocr_par' dir='ltr' id='par_1_5' title="bbox 170 3210 1179 3297">
     <span class='ocr_line' id='line_1_36' title="bbox 170 3210 1179 3297; baseline -0.007 -17"><span class='ocrx_word' id='word_1_207' title='bbox 170 3231 227 3281; x_wconf 76' lang='lat' dir='ltr'><strong>cst.</strong></span> <span class='ocrx_word' id='word_1_208' title='bbox 244 3231 327 3282; x_wconf 82' lang='lat' dir='ltr'><strong>hesta</strong></span> <span class='ocrx_word' id='word_1_209' title='bbox 345 3248 359 3282; x_wconf 90' lang='lat' dir='ltr'><strong>e</strong></span> <span class='ocrx_word' id='word_1_210' title='bbox 378 3248 463 3296; x_wconf 73' lang='lat' dir='ltr'><strong>marg.</strong></span> <span class='ocrx_word' id='word_1_211' title='bbox 479 3248 526 3297; x_wconf 90' lang='lat' dir='ltr'><strong>pro</strong></span> <span class='ocrx_word' id='word_1_212' title='bbox 539 3233 598 3285; x_wconf 89' lang='lat' dir='ltr'><strong>cod.</strong></span> <span class='ocrx_word' id='word_1_213' title='bbox 614 3233 720 3282; x_wconf 76' lang='lat' dir='ltr'><strong>hastae.</strong></span> <span class='ocrx_word' id='word_1_214' title='bbox 762 3231 821 3284; x_wconf 83' lang='lat'><strong>638.</strong></span> <span class='ocrx_word' id='word_1_215' title='bbox 836 3229 900 3281; x_wconf 81' lang='lat' dir='ltr'><strong>God.</strong></span> <span class='ocrx_word' id='word_1_216' title='bbox 914 3226 1068 3290; x_wconf 85' lang='lat' dir='ltr'><strong>cornipede.</strong></span> <span class='ocrx_word' id='word_1_217' title='bbox 1175 3210 1179 3217; x_wconf 62' lang='grc'><strong>’</strong></span> 
     </span>
    </p>
   </div>
   <div class='ocr_carea' id='block_1_6' title="bbox 92 3293 1072 3496">
    <p class='ocr_par' dir='ltr' id='par_1_6' title="bbox 92 3293 1072 3496">
     <span class='ocr_line' id='line_1_37' title="bbox 92 3293 1072 3364; baseline -0.003 -16"><span class='ocrx_word' id='word_1_218' title='bbox 92 3300 163 3348; x_wconf 71' lang='grc'><strong>643.</strong></span> <span class='ocrx_word' id='word_1_219' title='bbox 193 3299 289 3348; x_wconf 82' lang='lat' dir='ltr'><strong>calcar</strong></span> <span class='ocrx_word' id='word_1_220' title='bbox 312 3300 462 3349; x_wconf 86' lang='lat' dir='ltr'><strong>secundum</strong></span> <span class='ocrx_word' id='word_1_221' title='bbox 487 3315 501 3348; x_wconf 86' lang='lat' dir='ltr'><strong>e</strong></span> <span class='ocrx_word' id='word_1_222' title='bbox 524 3301 649 3364; x_wconf 76' lang='lat' dir='ltr'><strong>margine</strong></span> <span class='ocrx_word' id='word_1_223' title='bbox 671 3314 720 3363; x_wconf 84' lang='lat' dir='ltr'><strong>pro</strong></span> <span class='ocrx_word' id='word_1_224' title='bbox 740 3297 799 3348; x_wconf 89' lang='lat' dir='ltr'><strong>cod.</strong></span> <span class='ocrx_word' id='word_1_225' title='bbox 820 3311 922 3348; x_wconf 79' lang='lat' dir='ltr'><strong>corner.</strong></span> <span class='ocrx_word' id='word_1_226' title='bbox 1007 3293 1072 3345; x_wconf 80' lang='lat'><strong>655..</strong></span> 
     </span>
     <span class='ocr_line' id='line_1_38' title="bbox 95 3358 1067 3431; baseline -0.011 -17"><span class='ocrx_word' id='word_1_227' title='bbox 95 3379 164 3415; x_wconf 79' lang='lat' dir='ltr'><strong>vac.</strong></span> <span class='ocrx_word' id='word_1_228' title='bbox 184 3365 252 3429; x_wconf 78' lang='lat' dir='ltr'><strong>nigr.</strong></span> <span class='ocrx_word' id='word_1_229' title='bbox 270 3366 325 3431; x_wconf 84' lang='lat' dir='ltr'><strong>leg.</strong></span> <span class='ocrx_word' id='word_1_230' title='bbox 344 3367 420 3431; x_wconf 83' lang='lat' dir='ltr'><strong>Virg.</strong></span> <span class='ocrx_word' id='word_1_231' title='bbox 439 3367 526 3431; x_wconf 83' lang='lat' dir='ltr'><strong>eclog.</strong></span> <span class='ocrx_word' id='word_1_232' title='bbox 545 3367 582 3429; x_wconf 92' lang='lat'><strong>11,</strong></span> <span class='ocrx_word' id='word_1_233' title='bbox 603 3368 642 3420; x_wconf 88' lang='grc'><strong>18,</strong></span> <span class='ocrx_word' id='word_1_234' title='bbox 711 3365 770 3414; x_wconf 88' lang='grc'><strong>661.</strong></span> <span class='ocrx_word' id='word_1_235' title='bbox 789 3365 898 3426; x_wconf 81' lang='lat' dir='ltr'><strong>Margo:</strong></span> <span class='ocrx_word' id='word_1_236' title='bbox 917 3358 1067 3408; x_wconf 74' lang='grc'><strong>1100001111-</strong></span> 
     </span>
     <span class='ocr_line' id='line_1_39' title="bbox 96 3428 842 3496; baseline -0.008 -15"><span class='ocrx_word' id='word_1_237' title='bbox 96 3445 167 3481; x_wconf 85' lang='lat' dir='ltr'><strong>cum</strong></span> <span class='ocrx_word' id='word_1_238' title='bbox 183 3447 231 3482; x_wconf 80' lang='lat' dir='ltr'><strong>nec</strong></span> <span class='ocrx_word' id='word_1_239' title='bbox 248 3438 366 3487; x_wconf 81' lang='lat' dir='ltr'><strong>torvum.</strong></span> <span class='ocrx_word' id='word_1_240' title='bbox 443 3436 501 3483; x_wconf 75' lang='lat'><strong>662.</strong></span> <span class='ocrx_word' id='word_1_241' title='bbox 521 3432 595 3483; x_wconf 89' lang='lat' dir='ltr'><strong>bello</strong></span> <span class='ocrx_word' id='word_1_242' title='bbox 613 3448 661 3496; x_wconf 88' lang='lat' dir='ltr'><strong>pro</strong></span> <span class='ocrx_word' id='word_1_243' title='bbox 681 3430 740 3481; x_wconf 92' lang='lat' dir='ltr'><strong>cod.</strong></span> <span class='ocrx_word' id='word_1_244' title='bbox 760 3428 842 3492; x_wconf 88' lang='lat' dir='ltr'><strong>pello.</strong></span> 
     </span>
    </p>
   </div>
   <div class='ocr_carea' id='block_1_7' title="bbox 0 0 1260 3917">
    <p class='ocr_par' dir='ltr' id='par_1_7' title="bbox 0 0 1260 3917">
     <span class='ocr_line' id='line_1_40' title="bbox 0 0 1260 3917; baseline 0 1"><span class='ocrx_word' id='word_1_245' title='bbox 0 0 1260 3917; x_wconf 95' lang='lat' dir='ltr'><strong> </strong></span> 
     </span>
    </p>
   </div>
  </div>
 </body>
</html>
