2509 3917
219 160 261 222 92
525 160 587 212 nis.
607 159 658 211 m.
692 176 718 215 v.
737 161 880 212 ars-sss.

219 312 354 375 Cinthius
377 316 408 374 iu
432 311 519 382 bello,
543 312 691 373 decrescit
713 312 834 375 Ciuthia
856 314 936 373 curis

262 396 406 458 Contiuua
429 415 549 476 semper
573 398 722 458 anxietate
745 397 839 457 novis.

219 480 290 542 Esto
312 482 390 560 qnod
413 481 444 541 in
466 499 540 561 pace
564 483 640 541 vivat
661 499 715 542 rex
739 488 769 541 et
790 490 879 560 queat
901 483 985 542 omui

261 565 344 626 lutus
367 573 397 626 et
419 565 551 626 exterius
573 566 770 645 prosperitate
792 565 860 626 frui.
1144 576 1195 624 suu

218 650 330 711 Secure
351 651 439 719 vivat,
462 648 610 728 epuletur,
635 648 740 726 gandia
762 648 861 719 ducat,

260 734 364 795 Omnis
385 735 416 793 in
440 734 562 795 exilium
585 751 674 793 causa
697 735 813 793 timoris
836 739 892 794 eat.

218 818 250 879 Si
272 819 368 883 ventri
391 816 476 888 bene,
499 819 525 878 si
546 816 634 878 lateri
656 816 742 891 bene,
766 820 792 879 si
813 817 949 896 pedibus,
971 817 1017 877 nil

260 901 379 979 Regalis
401 902 511 980 poterit
533 900 645 963 addere
668 919 768 961 mensa
791 903 894 980 magis.

216 985 281 1047 Nun
306 993 350 1047 est
371 984 501 1045 tironum
524 1002 579 1045 rex
601 1002 713 1054 servus,
738 985 855 1064 quando
877 985 1027 1045 ministrat
1137 996 1191 1044 625

261 1068 392 1147 Singula,
416 1087 494 1148 quae
517 1071 593 1130 vitae
615 1066 785 1130 sollicitudo
808 1076 903 1147 rogat.
929 1087 932 1093 ’

217 1154 282 1215 Mus
305 1155 440 1231 sequitur
462 1171 580 1232 panem,
603 1152 664 1213 mel
687 1171 797 1224 musca,
822 1154 969 1233 lupusque
991 1153 1132 1223 cadaver,

260 1237 325 1298 Nun
346 1253 450 1313 regem
473 1235 601 1317 populus
623 1239 780 1314 quaeritat,
804 1240 896 1297 immo
918 1238 1049 1299 lucrum.

218 1322 284 1383 Non
307 1324 367 1381 erit
389 1339 462 1398 ergo
484 1322 556 1381 mihi
579 1319 686 1382 collata
708 1323 842 1400 potentia
865 1322 947 1391 tanti,

259 1406 299 1467 Ut
320 1405 387 1465 liam
409 1404 470 1466 litis
492 1412 596 1465 auctor
618 1423 721 1466 amore
743 1406 798 1465 sui.
1139 1415 1192 1463 666

216 1484 340 1552 Frustra
360 1487 428 1567 jura
451 1487 526 1565 legis
548 1495 720 1567 contempto
742 1488 846 1550 codice
868 1489 950 1566 legis,

259 1575 372 1636 Nomen
395 1572 507 1633 habens
528 1577 620 1650 regis,
644 1575 695 1652 qui
717 1572 792 1634 male
815 1591 907 1651 regua
930 1575 1020 1650 regis.

217 1658 288 1719 Feci
311 1658 354 1716 sic
377 1657 494 1727 lorsam
519 1658 544 1717 si
566 1658 633 1730 leci,
658 1657 774 1728 nescio;
798 1657 856 1718 ieci

259 1739 341 1809 Quae
364 1742 462 1818 putui;
487 1759 578 1820 super
600 1741 647 1801 his
669 1741 792 1819 parcite,
816 1758 936 1820 quaeso,
961 1740 1041 1801 mihi.

218 1825 257 1885 Ut
278 1824 377 1885 desint
398 1826 485 1893 vires,
509 1834 608 1886 tamen
631 1832 677 1886 est
698 1824 844 1886 laudanda
867 1824 1011 1895 voluntas,
1138 1833 1189 1882 635

260 1908 323 1967 lloc
346 1907 415 1967 lacit
436 1917 467 1968 ut
489 1908 605 1988 placeat
626 1927 686 1969 non
710 1910 807 1969 minus
829 1926 904 1986 agna
927 1908 1011 1970 hove.

217 1991 247 2051 Si
271 1991 397 2052 ducibus
419 1992 516 2071 placet
539 2000 569 2053 et
591 1994 664 2061 aliis,
688 2001 721 2053 ut
743 1994 780 2052 sit
803 1992 977 2053 Palamedes

260 2076 331 2145 liar,
355 2076 458 2136 hilaris
481 2085 584 2154 surgat
605 2086 635 2137 ct
657 2075 793 2137 diadema
816 2078 903 2138 ferat.

217 2158 295 2230 Quid
317 2160 420 2230 refert,
443 2163 510 2239 quis
532 2177 624 2238 regna
648 2167 731 2239 regat
753 2179 833 2221 nuno
856 2163 1008 2240 temporis,
1031 2161 1137 2221 hostes

259 2243 334 2304 lium
358 2245 445 2304 modo
469 2243 666 2305 succumbant
689 2253 718 2305 et
739 2245 851 2323 probra
873 2243 930 2304 lata
953 2244 1045 2307 luant.
1140 2252 1190 2301 640

216 2320 375 2405 [le-regno
398 2346 459 2389 non
482 2327 637 2398 sollicitor,
660 2347 716 2408 pro
738 2346 810 2407 rege
831 2328 955 2408 Mycena

260 2413 307 2472 llle
330 2415 463 2491 speciosa
485 2412 562 2491 polis
585 2420 614 2472 et
637 2414 765 2492 spatiosa
788 2421 877 2474 tenet.

216 2495 324 2556 [licatis
345 2514 496 2574 proceres,
520 2496 619 2576 placet
642 2503 675 2556 ut
696 2500 735 2557 sit
757 2514 809 2557 rex
833 2495 1015 2567 Palamedes,

258 2579 374 2656 Regnat
397 2580 432 2640 de
455 2580 588 2641 Danaum
611 2581 707 2658 deque
730 2579 830 2640 lavore
852 2580 975 2643 ducum..

217 2661 353 2740 Ilumque
376 2665 408 2723 fit
430 2682 446 2721 a
469 2664 589 2743 populo,
613 2662 715 2743 placet
731 2664 806 2725 haec
820 2665 959 2743 prolatio,
985 2662 1114 2744 clamor3
1140 2672 1191 2721 646

260 2745 452 2824 Naupliadem
477 2747 599 2809 decorat
621 2749 783 2827 imperialis
805 2750 911 2809 honor.

158 3006 161 3009 .
215 2963 273 3014 617.
290 2978 399 3028 margo:
420 2963 469 3014 Sol
487 2969 515 3015 et
533 2966 624 3019 Luna.
643 2967 747 3021 confer.
764 2965 816 3029 111,
837 2968 893 3019 tte.

367 3032 475 3081 Lunam
492 3032 623 3094 consiliis,
643 3033 728 3084 solem
747 3034 930 3085 consumimus
949 3036 1033 3084 armis

156 3119 165 3131 -
215 3096 273 3146 623.
294 3096 361 3150 Hor.
378 3099 470 3163 Epist.
488 3098 512 3161 Ι,
533 3101 573 3163 12,
593 3099 608 3148 5
626 3114 667 3165 sq.

301 3163 331 3214 Si
348 3167 439 3215 ventri
455 3164 535 3227 bena,
554 3167 579 3215 si
596 3165 679 3217 lateri
698 3172 749 3229 est,
768 3168 939 3232 pedibusque
958 3169 1022 3231 tuis,
1041 3167 1083 3218 nil

298 3231 423 3282 Divitiae
442 3237 572 3296 poterunt
588 3233 695 3298 regales
714 3234 813 3285 addere
832 3234 934 3299 majus.

214 3300 272 3353 635.
292 3297 343 3349 Ov.
361 3313 394 3348 ex
412 3300 493 3349 Pout.
511 3299 562 3360 111,
581 3302 607 3362 4,
625 3303 666 3352 tn.
735 3304 794 3354 636.
814 3302 881 3356 ibid.
900 3304 942 3354 82.

378 3365 414 3416 Et
432 3365 542 3430 placeat
562 3381 645 3417 caeso
663 3383 718 3418 non
735 3372 825 3422 minus
843 3386 917 3435 agna
936 3369 1014 3425 bove.

213 3434 272 3483 646.
290 3433 396 3496 Margo.
414 3432 575 3483 Palamedes
594 3433 625 3482 fit
644 3449 700 3483 rex.
