2509 3917
419 187 482 236 Lib.
501 188 545 240 VI,
581 203 606 239 v.
624 188 768 242 eat-550.

114 339 194 402 Urbs
216 357 268 401 res
292 338 432 406 declarat,
457 337 507 398 ubi
529 337 720 399 Fundamenta
744 337 856 399 locarat

159 421 298 485 Phoebus
321 431 351 483 et
373 429 486 502 aptarat
508 423 635 496 moenia,
661 440 762 482 vomer
783 431 858 484 arat,

115 508 210 570 Nemo
233 505 290 569 sibi
312 510 417 586 ponat:
442 510 472 568 in
496 507 599 567 mundi
622 507 696 566 flore
719 506 867 574 vivamus;

158 593 248 671 Capta
271 593 355 652 rides
376 609 444 651 sero
466 591 620 666 Pergama,
645 598 731 668 capta
753 600 863 651 tamen.

365 735 649 806 [AGAMEMNONIS
668 735 829 807 oleario]

117 844 189 904 Orto
213 844 273 904 sole
296 843 388 904 duces
409 843 664 919 Agamemnonio
688 859 756 902 arce
778 842 928 903 Minervae
1033 852 1084 899 525

161 927 307 988 Convocat
328 933 357 988 et
380 925 468 986 verba
492 927 627 1004 protinus
649 929 705 987 ista
728 926 818 986 levat:

119 1010 269 1081 Gratulor,
293 1030 311 1071 o
333 1012 489 1089 proceres!
512 1012 580 1091 qnia
603 1029 659 1070 nos
681 1009 738 1070 hec
760 1011 819 1070 fine
841 1008 960 1071 labores

160 1095 333 1164 Clausimue
356 1095 481 1155 interius
502 1094 614 1172 absque
637 1093 739 1155 labore
762 1112 879 1155 sumus:

116 1181 201 1241 'lunc
223 1179 299 1239 bene
323 1186 480 1258 pugnatur,
505 1196 572 1239 cum
595 1197 651 1258 pax
674 1178 834 1256 pugnando
857 1185 988 1258 paratur,

94 1319 103 1326 .
159 1262 309 1325 Nobiliore
334 1262 409 1323 bona
429 1262 539 1341 proelia
563 1280 638 1342 pace
659 1263 743 1324 mala.
1032 1272 1086 1320 530

116 1350 280 1410 Fortunam
303 1347 413 1408 Priami
436 1349 564 1407 cantavit
585 1344 675 1425 Troja
698 1344 806 1410 diebus

160 1429 306 1500 Pluribus,
330 1439 360 1492 et
381 1435 481 1491 nostra
504 1431 609 1491 dissuit
632 1448 697 1490 ossa
720 1437 827 1498 metus,

117 1516 203 1578 Unde
227 1519 283 1576 viri
304 1516 405 1582 medio
425 1515 599 1575 ceciderunt
622 1521 766 1593 tempore,
789 1509 900 1576 terram

163 1601 313 1679 Sanguine
335 1600 385 1678 qui
409 1598 492 1659 vobis
515 1600 590 1659 hano
612 1616 759 1678 peperere
781 1616 852 1666 sno;

118 1684 243 1745 Scilicet
263 1684 407 1745 Aeacides
430 1700 497 1744 cum
521 1683 659 1744 Patroclo
683 1682 847 1751 Diomedes,
1035 1691 1086 1739 535

162 1766 278 1847 Quique
300 1770 385 1846 prior
409 1769 498 1828 tinxit
519 1765 722 1828 Protbesilaos
744 1766 876 1828 humum.

117 1851 203 1913 Nulli
225 1854 276 1933 qui
298 1870 454 1913 numerum
479 1854 623 1921 vicerunt,
646 1852 689 1911 ala
712 1850 877 1920 Quiritum!

162 1937 306 1998 Fastibus
329 1945 359 1997 et
380 1936 486 2015 gladiis
505 1937 556 2014 qni
578 1939 697 2015 periere
720 1935 880 2014 Phrygum.

118 2022 245 2083 Nomina
269 2028 434 2099 praetereo,
457 2020 629 2088 Protermris
652 2018 877 2098 Antilochique;

163 2106 209 2165 Me
232 2112 356 2165 cunctos
378 2103 517 2182 prohibet
539 2120 717 2163 enumerare
739 2102 834 2162 dolor.
1035 2112 1087 2159 540

121 2188 182 2251 Sed
205 2207 303 2269 neque
324 2187 502 2266 multiplices
525 2194 693 2248 nostrorum
717 2205 855 2265 promere
876 2193 988 2246 mortes

163 2274 236 2335 eum
260 2272 384 2333 totidem
407 2272 519 2349 linguis
540 2281 609 2331 sunt
631 2272 702 2331 satis
724 2290 775 2331 ora
798 2270 911 2331 decem.

117 2357 166 2419 Nil
189 2357 264 2418 adeo
287 2357 406 2420 fortuna
429 2357 526 2432 gravis
547 2353 718 2417 miserabile
740 2351 820 2422 iecit,

163 2442 200 2503 Ut
221 2442 356 2501 minuant
379 2439 458 2502 nulla
482 2441 588 2517 gaudia
611 2458 684 2518 pace
708 2438 826 2499 malum.

117 2524 232 2586 Flebile
253 2525 432 2605 principium
454 2522 561 2584 melior
584 2522 701 2583 lortuna
724 2530 824 2584 secuta
1036 2530 1087 2579 545

162 2610 222 2680 Est,
247 2608 312 2670 tulit
335 2609 464 2670 nodosos
487 2607 594 2667 clarior
616 2624 688 2668 aura
711 2606 785 2667 dies.

118 2694 206 2755 Nunc
227 2693 263 2754 ad
286 2711 341 2753 nos
362 2694 443 2753 vultu
466 2693 553 2752 rediit
575 2692 692 2752 fortuna
715 2709 822 2752 sereno

162 2778 265 2838 Matris
287 2781 318 2838 in
343 2777 485 2838 uberibus
509 2776 584 2836 iacta
607 2793 734 2836 ranverca
757 2777 846 2855 prius.

119 2861 303 2923 Dardanidas
325 2862 414 2921 vestri
436 2859 560 2940 pulchre
584 2860 726 2921 domuere
748 2858 862 2927 lacerti,

162 2945 295 3006 Troibus
316 2953 345 3005 et
366 2943 533 3025 Phrygibus
554 2947 682 3023 imperat
704 2944 758 3004 ista
781 2961 896 3008 manus.
1035 2952 1087 3000 550

186 3130 244 3183 522.
264 3128 345 3180 Ovid.
365 3128 479 3181 Heroid.
497 3130 518 3191 1,
536 3130 568 3178 67

265 3196 369 3247 Utilius
387 3201 494 3246 starent
511 3195 594 3245 etiam
611 3211 686 3245 nano
703 3195 812 3245 moenie
830 3194 936 3244 Phoebi

117 3265 176 3314 524.
196 3262 245 3318 Or,
264 3263 318 3326 Ars
334 3264 391 3313 Am.
411 3265 433 3326 1,
451 3265 510 3316 478.
590 3265 649 3315 527.
667 3278 717 3328 pro
736 3262 793 3312 eod.
812 3277 869 3314 vos.
954 3261 1013 3313 544.
1032 3259 1084 3311 Ov.

118 3346 142 3380 e.
162 3332 242 3382 Pont.
260 3330 307 3391 IV,
320 3332 344 3390 4,
357 3331 381 3380 5.
394 3334 419 3392 6,
440 3346 472 3380 ex
491 3344 545 3392 quo
563 3330 624 3380 loco
642 3330 731 3380 nostri
742 3328 856 3391 „perte“
870 3330 1036 3378 mutavimus
1053 3329 1083 3376 in

118 3397 234 3462 „pece“.
286 3399 345 3450 sto.
364 3398 457 3446 Ovidii
476 3402 519 3447 est
536 3397 717 3461 Metamorph.
731 3396 793 3458 vn,
811 3397 870 3447 518.
924 3397 982 3449 547.
1004 3393 1084 3445 ovid.

117 3466 205 3515 Trist.
221 3465 244 3527 1,
263 3466 287 3527 4,
306 3467 352 3515 27:
372 3471 399 3514 et
418 3463 495 3514 vultu
514 3464 586 3513 ridet
605 3465 716 3514 fortune
730 3477 839 3514 sereno.
1006 3465 1011 3469 ”
