2509 3917
449 157 512 208 aaa.
530 157 577 211 ιιι
612 175 640 209 v.
660 156 769 206 ee-ra.
1031 154 1092 219 103

356 318 484 376 PUGNA
501 319 694 374 DUODEOIM
710 317 861 379 DIERUM.

121 427 191 487 Lux
213 423 292 486 redit
314 433 344 485 et
365 426 521 486 redeunt
513 442 543 485 m
567 424 687 496 bellum,
711 442 809 505 pugna
831 426 863 486 lit
885 427 973 497 acris,

168 510 277 571 Educit
299 510 430 571 Graecos
451 529 504 570 rex
527 510 707 589 Troilusque
730 526 808 570 suos
1062 519 1097 568 50

124 595 191 656 Nec
213 596 311 654 mora!
335 613 366 655 se
390 594 516 655 densant
539 613 627 655 enses
650 602 679 654 et
696 593 815 693 spicula
838 591 946 663 laxant,

170 678 285 748 Omnia,
309 696 385 758 quae
406 686 575 757 penetrant,
599 680 752 756 sanguinis
773 677 870 738 imbre
894 679 1002 756 rigant

128 759 277 824 Culminat
301 781 317 821 e
340 762 418 822 bello
441 761 568 837 Troilus,
593 765 899 824 contaminatensem

172 846 322 924 Sanguine
344 864 423 907 nunc
445 845 550 923 plebes
573 864 653 907 nunc
676 845 809 911 leriendo
832 844 933 908 duces.

126 929 236 1007 Magno
258 947 290 989 se
313 930 431 991 fodiunt
452 933 559 991 iratum
583 929 658 991 velle
680 930 843 998 studentes,
1058 938 1092 987 55

175 1013 236 1074 Hac
257 1013 335 1074 suria
358 1014 406 1074 his
428 1033 480 1075 sex
504 1017 679 1077 continuare
701 1016 773 1075 dies.

128 1095 185 1158 llis
207 1097 282 1159 bene
305 1097 459 1177 completis
482 1117 537 1179 pro
559 1117 632 1177 pace
655 1106 796 1177 precatur
817 1097 935 1159 Atrides

105 1198 108 1199 ’
173 1182 213 1242 Ut
232 1200 284 1243 sua
306 1185 449 1262 suscipiat
471 1184 577 1244 lunera
599 1191 696 1244 mater
718 1182 837 1243 humus.
1015 1244 1018 1252 ,

127 1265 189 1325 Per
211 1283 324 1327 menses
347 1267 433 1327 datur
455 1267 506 1328 illa
529 1267 603 1328 duos
625 1274 656 1326 et
676 1286 730 1327 rex
752 1266 940 1328 Palamedem

178 1349 332 1427 Magnifice
354 1351 470 1430 sepelit,
493 1350 620 1428 lugubre
644 1368 764 1411 carmen
788 1352 857 1428 agit.
1062 1358 1098 1407 60

127 1433 262 1514 Quisque
283 1435 381 1496 studet
405 1435 532 1512 sepelire
554 1453 636 1504 suos,
659 1435 705 1495 his
728 1446 797 1494 vero·
821 1433 943 1511 sepultis

172 1517 305 1579 Membra
326 1517 427 1579 brevis
448 1521 569 1600 requies
590 1519 626 1578 ad
650 1517 727 1578 mala
749 1519 837 1595 longa
859 1519 949 1582 fovet.

326 1681 502 1738 nonianus
520 1681 688 1737 Rucnsnr
706 1680 890 1736 PUGNARE

125 1786 279 1866 Tempora
301 1789 382 1866 pacis
405 1797 505 1855 erant;
529 1786 697 1857 lliomedos,
721 1762 838 1857 Nestor,
862 1785 962 1849 Ulixes

172 1870 321 1932 Aeaciden
344 1871 462 1941 adeunt,
486 1870 562 1932 bella
585 1872 684 1932 levare
708 1879 822 1951 petunt

126 1956 194 2016 lloo
215 1957 416 2033 Agamemnon
440 1956 482 2015 eis
505 1962 712 2035 praeceperat;
736 1954 787 2015 ille
809 1953 954 2017 rebellem
1062 1963 1096 2014 65

173 2038 325 2100 Obiiciens
347 2039 469 2109 vultum,
493 2038 569 2100 bella
591 2038 690 2100 levare
713 2048 810 2117 negat.

126 2121 262 2193 Hecuba,
284 2141 324 2183 ne
345 2140 484 2202 pugnem,
508 2123 588 2192 dicit,
612 2142 680 2185 cum
703 2141 775 2201 rege
796 2108 919 2201 rogavit.

174 2209 260 2278 Vovi;
283 2209 403 2268 mentiri
425 2205 536 2269 talibus
558 2225 648 2269 ausus
670 2208 738 2267 ero?
1027 2284 1028 2291 ἵ

127 2292 194 2354 Nec
215 2290 289 2351 milri
310 2309 395 2352 meus
417 2290 497 2362 belli,
521 2293 620 2371 potius
643 2291 781 2352 desidero
804 2308 917 2370 pacem,
1047 2363 1052 2371 Ι

173 2375 275 2453 Longa
297 2392 431 2436 cremare
453 2376 530 2437 mala
554 2376 609 2436 scit
631 2377 724 2444 furor,
748 2379 793 2436 ira
816 2373 923 2435 brevis.
1066 2384 1101 2431 tn

125 2459 182 2520 Lis
205 2460 305 2520 odium
328 2466 459 2537 generat,
483 2460 641 2522 concordia
663 2461 760 2520 nuuit
782 2476 924 2527 amorem,

173 2542 236 2604 Par
256 2549 354 2621 portat
377 2546 474 2614 vitam,
497 2545 609 2624 proelia
633 2561 703 2604 vero
726 2560 840 2603 necem.

125 2626 256 2690 Odimus
279 2628 458 2707 accipitrem,
481 2630 550 2707 quia
572 2645 692 2705 semper
713 2628 784 2687 vivit
806 2630 837 2687 in
860 2627 959 2695 armis,

171 2711 210 2771 Et
232 2711 367 2771 timidum
390 2710 493 2773 solitos
516 2716 547 2773 in
569 2730 660 2791 pecus
682 2713 727 2772 ire
750 2710 847 2791 lupos.

123 2797 263 2872 Reginae
284 2794 399 2873 Trojae,
424 2814 462 2855 ne
485 2795 591 2857 ducam
614 2795 735 2875 proelia,
758 2796 840 2862 rovi3
1066 2803 1100 2851 ⁷5

199 2965 240 3013 53.
258 2979 273 3012 e
291 2963 428 3027 margine,
447 2979 497 3028 pro
515 2963 574 3013 cod.
594 2963 744 3015 ocaminat.
813 2962 854 3015 66.
874 2977 889 3011 e
907 2962 1030 3026 margine
1048 2975 1099 3025 pro

123 3031 191 3082 cod.
209 3029 290 3082 feria.
359 3032 400 3081 59.
420 3031 527 3095 Margo
562 3031 621 3081 Pax
638 3030 693 3080 VII
710 3045 759 3095 per
778 3029 844 3079 duos
863 3043 979 3080 meuses.
1031 3031 1101 3078 'll-

122 3102 170 3149 74.
192 3095 245 3148 Ov
263 3097 316 3147 Ars
333 3096 369 3160 Π,
388 3099 514 3149 145-48
585 3146 590 3156 ,

249 3165 373 3214 Dextera
390 3168 538 3230 praecipue
557 3164 634 3228 capit
653 3163 827 3228 indulgentia
845 3168 968 3214 mentes:

282 3229 428 3296 Asperitas
446 3233 547 3293 odium,
568 3246 708 3295 saevaque
726 3232 814 3282 verba
832 3239 952 3281 movent.

250 3297 364 3348 Odimus
381 3300 550 3364 accipitrem,
569 3300 634 3364 qnia
652 3312 761 3363 semper
778 3300 849 3349 vivit
867 3299 895 3347 in
914 3297 1005 3360 armis,

283 3366 320 3414 Et
337 3366 466 3430 pavidum
485 3367 606 3417 solitos
599 3382 629 3415 m
646 3381 733 3431 pecus
751 3366 792 3416 ire
809 3364 897 3430 lupos

120 3437 170 3487 74.
191 3448 205 3483 e
224 3433 349 3497 margine
368 3449 417 3499 pro
435 3435 555 3498 inpetus.
