<?xml version="1.0" encoding="UTF-8"?>
<!DOCTYPE html PUBLIC "-//W3C//DTD XHTML 1.0 Transitional//EN"
    "http://www.w3.org/TR/xhtml1/DTD/xhtml1-transitional.dtd">
<html xmlns="http://www.w3.org/1999/xhtml" xml:lang="en" lang="en">
 <head>
  <title>
</title>
<meta http-equiv="Content-Type" content="text/html;charset=utf-8" />
  <meta name='ocr-system' content='tesseract 3.04.00' />
  <meta name='ocr-capabilities' content='ocr_page ocr_carea ocr_par ocr_line ocrx_word'/>
</head>
<body>
  <div class='ocr_page' id='page_1' title='image "./troilus00albegoog_0138.png"; bbox 0 0 2509 3917; ppageno 0'>
   <div class='ocr_carea' id='block_1_1' title="bbox 114 157 774 230">
    <p class='ocr_par' dir='ltr' id='par_1_1' title="bbox 114 157 774 230">
     <span class='ocr_line' id='line_1_1' title="bbox 114 157 774 230; baseline -0.026 -9"><span class='ocrx_word' id='word_1_1' title='bbox 114 166 157 230; x_wconf 86' lang='grc'>84</span> <span class='ocrx_word' id='word_1_2' title='bbox 417 162 481 213; x_wconf 90' lang='lat' dir='ltr'><strong>Lib.</strong></span> <span class='ocrx_word' id='word_1_3' title='bbox 500 161 551 212; x_wconf 92' lang='lat'><em>111.</em></span> <span class='ocrx_word' id='word_1_4' title='bbox 586 175 612 208; x_wconf 88' lang='lat' dir='ltr'>v.</span> <span class='ocrx_word' id='word_1_5' title='bbox 631 157 774 209; x_wconf 76' lang='lat' dir='ltr'>aee-420.</span> 
     </span>
    </p>
   </div>
   <div class='ocr_carea' id='block_1_2' title="bbox 101 307 976 902">
    <p class='ocr_par' dir='ltr' id='par_1_2' title="bbox 115 307 874 394">
     <span class='ocr_line' id='line_1_2' title="bbox 115 307 874 394; baseline -0.02 -13"><span class='ocrx_word' id='word_1_6' title='bbox 115 319 216 381; x_wconf 87' lang='lat' dir='ltr'>lnians</span> <span class='ocrx_word' id='word_1_7' title='bbox 237 334 308 377; x_wconf 85' lang='lat' dir='ltr'>vero</span> <span class='ocrx_word' id='word_1_8' title='bbox 332 320 421 394; x_wconf 90' lang='lat' dir='ltr'>caput</span> <span class='ocrx_word' id='word_1_9' title='bbox 443 312 478 373; x_wconf 92' lang='lat' dir='ltr'>ad</span> <span class='ocrx_word' id='word_1_10' title='bbox 502 313 607 372; x_wconf 87' lang='lat' dir='ltr'>matris</span> <span class='ocrx_word' id='word_1_11' title='bbox 629 317 751 389; x_wconf 79' lang='lat' dir='ltr'>pectora</span> <span class='ocrx_word' id='word_1_12' title='bbox 774 307 874 376; x_wconf 82' lang='lat' dir='ltr'>flectit,</span> 
     </span>
    </p>

    <p class='ocr_par' dir='ltr' id='par_1_3' title="bbox 101 394 775 480">
     <span class='ocr_line' id='line_1_3' title="bbox 101 394 775 480; baseline -0.018 -16"><span class='ocrx_word' id='word_1_13' title='bbox 101 464 107 473; x_wconf 80' lang='grc'><em>,</em></span> <span class='ocrx_word' id='word_1_14' title='bbox 159 402 269 480; x_wconf 82' lang='lat' dir='ltr'>Effugit</span> <span class='ocrx_word' id='word_1_15' title='bbox 290 400 424 460; x_wconf 88' lang='lat' dir='ltr'>insolitas</span> <span class='ocrx_word' id='word_1_16' title='bbox 448 415 501 457; x_wconf 92' lang='lat' dir='ltr'>cor</span> <span class='ocrx_word' id='word_1_17' title='bbox 523 394 638 474; x_wconf 82' lang='lat' dir='ltr'>puerile</span> <span class='ocrx_word' id='word_1_18' title='bbox 661 411 775 455; x_wconf 89' lang='lat' dir='ltr'>manus.</span> 
     </span>
    </p>

    <p class='ocr_par' dir='ltr' id='par_1_4' title="bbox 117 471 976 641">
     <span class='ocr_line' id='line_1_4' title="bbox 117 471 976 563; baseline -0.019 -15"><span class='ocrx_word' id='word_1_19' title='bbox 117 489 250 563; x_wconf 86' lang='lat' dir='ltr'>Cumque</span> <span class='ocrx_word' id='word_1_20' title='bbox 272 484 380 545; x_wconf 91' lang='lat' dir='ltr'>tenella</span> <span class='ocrx_word' id='word_1_21' title='bbox 403 491 489 560; x_wconf 88' lang='lat' dir='ltr'>pater</span> <span class='ocrx_word' id='word_1_22' title='bbox 511 498 603 560; x_wconf 82' lang='lat' dir='ltr'>parvo</span> <span class='ocrx_word' id='word_1_23' title='bbox 626 480 712 539; x_wconf 89' lang='lat' dir='ltr'>daret</span> <span class='ocrx_word' id='word_1_24' title='bbox 733 475 849 544; x_wconf 87' lang='lat' dir='ltr'>oscula;</span> <span class='ocrx_word' id='word_1_25' title='bbox 874 471 976 552; x_wconf 91' lang='lat' dir='ltr'>patris,</span> 
     </span>
     <span class='ocr_line' id='line_1_5' title="bbox 159 562 779 641; baseline -0.016 -11"><span class='ocrx_word' id='word_1_26' title='bbox 159 569 284 641; x_wconf 83' lang='lat' dir='ltr'>Quando</span> <span class='ocrx_word' id='word_1_27' title='bbox 306 570 351 628; x_wconf 85' lang='lat' dir='ltr'>vir</span> <span class='ocrx_word' id='word_1_28' title='bbox 373 567 477 634; x_wconf 87' lang='lat' dir='ltr'>lucris,</span> <span class='ocrx_word' id='word_1_29' title='bbox 501 567 542 625; x_wconf 89' lang='lat' dir='ltr'>sis</span> <span class='ocrx_word' id='word_1_30' title='bbox 564 565 705 631; x_wconf 83' lang='lat' dir='ltr'>imitator,</span> <span class='ocrx_word' id='word_1_31' title='bbox 729 562 779 620; x_wconf 88' lang='lat' dir='ltr'>ait.</span> 
     </span>
    </p>

    <p class='ocr_par' dir='ltr' id='par_1_5' title="bbox 118 642 969 811">
     <span class='ocr_line' id='line_1_6' title="bbox 118 642 969 732; baseline -0.018 -16"><span class='ocrx_word' id='word_1_32' title='bbox 118 655 311 732; x_wconf 73' lang='lat' dir='ltr'>Propositum</span> <span class='ocrx_word' id='word_1_33' title='bbox 333 659 416 712; x_wconf 88' lang='lat' dir='ltr'>tenet</span> <span class='ocrx_word' id='word_1_34' title='bbox 438 651 488 711; x_wconf 90' lang='lat' dir='ltr'>ille</span> <span class='ocrx_word' id='word_1_35' title='bbox 512 657 619 716; x_wconf 85' lang='lat' dir='ltr'>tamen,</span> <span class='ocrx_word' id='word_1_36' title='bbox 643 646 713 707; x_wconf 86' lang='lat' dir='ltr'>lieet</span> <span class='ocrx_word' id='word_1_37' title='bbox 736 648 813 706; x_wconf 88' lang='lat' dir='ltr'>esset</span> <span class='ocrx_word' id='word_1_38' title='bbox 834 642 969 709; x_wconf 92' lang='lat' dir='ltr'>inermis,</span> 
     </span>
     <span class='ocr_line' id='line_1_7' title="bbox 160 733 811 811; baseline -0.018 -13"><span class='ocrx_word' id='word_1_39' title='bbox 160 739 194 799; x_wconf 93' lang='lat' dir='ltr'>ln</span> <span class='ocrx_word' id='word_1_40' title='bbox 217 737 331 798; x_wconf 90' lang='lat' dir='ltr'>medios</span> <span class='ocrx_word' id='word_1_41' title='bbox 353 736 452 796; x_wconf 88' lang='lat' dir='ltr'>hostes</span> <span class='ocrx_word' id='word_1_42' title='bbox 473 733 533 811; x_wconf 82' lang='lat' dir='ltr'>jam</span> <span class='ocrx_word' id='word_1_43' title='bbox 555 733 690 792; x_wconf 88' lang='lat' dir='ltr'>ruiturus</span> <span class='ocrx_word' id='word_1_44' title='bbox 712 737 785 790; x_wconf 89' lang='lat' dir='ltr'>erat.</span> <span class='ocrx_word' id='word_1_45' title='bbox 807 791 811 796; x_wconf 63' lang='grc'>,</span> 
     </span>
    </p>

    <p class='ocr_par' dir='ltr' id='par_1_6' title="bbox 118 810 877 902">
     <span class='ocr_line' id='line_1_8' title="bbox 118 810 877 902; baseline -0.016 -19"><span class='ocrx_word' id='word_1_46' title='bbox 118 823 216 902; x_wconf 86' lang='lat' dir='ltr'>Ejulat</span> <span class='ocrx_word' id='word_1_47' title='bbox 238 819 454 889; x_wconf 75' lang='lat' dir='ltr'>Andromache,</span> <span class='ocrx_word' id='word_1_48' title='bbox 478 819 617 879; x_wconf 89' lang='lat' dir='ltr'>laceratis</span> <span class='ocrx_word' id='word_1_49' title='bbox 638 832 739 892; x_wconf 86' lang='lat' dir='ltr'>ungue</span> <span class='ocrx_word' id='word_1_50' title='bbox 761 810 877 892; x_wconf 89' lang='lat' dir='ltr'>capillis</span> 
     </span>
    </p>
   </div>
   <div class='ocr_carea' id='block_1_3' title="bbox 108 897 1106 2993">
    <p class='ocr_par' dir='ltr' id='par_1_7' title="bbox 108 897 1106 2993">
     <span class='ocr_line' id='line_1_9' title="bbox 162 897 834 967; baseline -0.015 0"><span class='ocrx_word' id='word_1_51' title='bbox 162 906 281 967; x_wconf 88' lang='lat' dir='ltr'>Plancla</span> <span class='ocrx_word' id='word_1_52' title='bbox 304 904 453 965; x_wconf 82' lang='lat' dir='ltr'>foemineo</span> <span class='ocrx_word' id='word_1_53' title='bbox 475 904 606 963; x_wconf 88' lang='lat' dir='ltr'>concitat</span> <span class='ocrx_word' id='word_1_54' title='bbox 628 899 678 959; x_wconf 92' lang='lat' dir='ltr'>illa</span> <span class='ocrx_word' id='word_1_55' title='bbox 702 897 834 958; x_wconf 83' lang='lat' dir='ltr'>domurn.</span> 
     </span>
     <span class='ocr_line' id='line_1_10' title="bbox 121 978 965 1067; baseline -0.015 -17"><span class='ocrx_word' id='word_1_56' title='bbox 121 990 164 1050; x_wconf 82' lang='lat' dir='ltr'>nd</span> <span class='ocrx_word' id='word_1_57' title='bbox 187 990 340 1051; x_wconf 83' lang='lat' dir='ltr'>Priamum</span> <span class='ocrx_word' id='word_1_58' title='bbox 361 994 517 1067; x_wconf 82' lang='lat' dir='ltr'>properat:</span> <span class='ocrx_word' id='word_1_59' title='bbox 540 1003 593 1046; x_wconf 85' lang='lat' dir='ltr'>rex</span> <span class='ocrx_word' id='word_1_60' title='bbox 615 979 825 1044; x_wconf 82' lang='lat' dir='ltr'>invictissime!</span> <span class='ocrx_word' id='word_1_61' title='bbox 849 978 965 1049; x_wconf 86' lang='lat' dir='ltr'>clamat,</span> 
     </span>
     <span class='ocr_line' id='line_1_11' title="bbox 162 1067 820 1152; baseline -0.014 -17"><span class='ocrx_word' id='word_1_62' title='bbox 162 1075 254 1152; x_wconf 81' lang='lat' dir='ltr'>Regia</span> <span class='ocrx_word' id='word_1_63' title='bbox 278 1072 437 1134; x_wconf 90' lang='lat' dir='ltr'>sollicitum</span> <span class='ocrx_word' id='word_1_64' title='bbox 460 1072 538 1130; x_wconf 87' lang='lat' dir='ltr'>lorte</span> <span class='ocrx_word' id='word_1_65' title='bbox 561 1067 682 1129; x_wconf 87' lang='lat' dir='ltr'>tenebat</span> <span class='ocrx_word' id='word_1_66' title='bbox 704 1068 820 1127; x_wconf 88' lang='lat' dir='ltr'>herum.</span> 
     </span>
     <span class='ocr_line' id='line_1_12' title="bbox 122 1147 982 1234; baseline -0.016 -14"><span class='ocrx_word' id='word_1_67' title='bbox 122 1161 196 1220; x_wconf 87' lang='lat' dir='ltr'>Sunt</span> <span class='ocrx_word' id='word_1_68' title='bbox 218 1176 286 1217; x_wconf 91' lang='lat' dir='ltr'>mea</span> <span class='ocrx_word' id='word_1_69' title='bbox 307 1165 444 1234; x_wconf 87' lang='lat' dir='ltr'>suspecta</span> <span class='ocrx_word' id='word_1_70' title='bbox 468 1155 540 1213; x_wconf 80' lang='lat' dir='ltr'>mibi</span> <span class='ocrx_word' id='word_1_71' title='bbox 562 1154 686 1222; x_wconf 87' lang='lat' dir='ltr'>somnia,</span> <span class='ocrx_word' id='word_1_72' title='bbox 710 1152 825 1211; x_wconf 89' lang='lat' dir='ltr'>somnia</span> <span class='ocrx_word' id='word_1_73' title='bbox 849 1147 982 1214; x_wconf 85' lang='lat' dir='ltr'>suadent,</span> 
     </span>
     <span class='ocr_line' id='line_1_13' title="bbox 162 1232 950 1311; baseline -0.016 -8"><span class='ocrx_word' id='word_1_74' title='bbox 162 1243 271 1303; x_wconf 85' lang='lat' dir='ltr'>Hector</span> <span class='ocrx_word' id='word_1_75' title='bbox 293 1250 326 1301; x_wconf 92' lang='lat' dir='ltr'>ut</span> <span class='ocrx_word' id='word_1_76' title='bbox 349 1242 397 1299; x_wconf 81' lang='lat' dir='ltr'>lric</span> <span class='ocrx_word' id='word_1_77' title='bbox 421 1249 547 1307; x_wconf 86' lang='lat' dir='ltr'>maneat,</span> <span class='ocrx_word' id='word_1_78' title='bbox 571 1255 627 1297; x_wconf 91' lang='lat' dir='ltr'>nec</span> <span class='ocrx_word' id='word_1_79' title='bbox 650 1236 738 1296; x_wconf 89' lang='lat' dir='ltr'>modo</span> <span class='ocrx_word' id='word_1_80' title='bbox 760 1232 838 1294; x_wconf 91' lang='lat' dir='ltr'>bella</span> <span class='ocrx_word' id='word_1_81' title='bbox 860 1239 950 1311; x_wconf 88' lang='lat' dir='ltr'>petat.</span> 
     </span>
     <span class='ocr_line' id='line_1_14' title="bbox 122 1316 951 1390; baseline -0.014 -2"><span class='ocrx_word' id='word_1_82' title='bbox 122 1328 188 1389; x_wconf 90' lang='lat' dir='ltr'>Non</span> <span class='ocrx_word' id='word_1_83' title='bbox 209 1326 293 1387; x_wconf 91' lang='lat' dir='ltr'>illum</span> <span class='ocrx_word' id='word_1_84' title='bbox 316 1342 381 1386; x_wconf 89' lang='lat' dir='ltr'>mea</span> <span class='ocrx_word' id='word_1_85' title='bbox 404 1322 494 1383; x_wconf 85' lang='lat' dir='ltr'>verba</span> <span class='ocrx_word' id='word_1_86' title='bbox 517 1328 646 1390; x_wconf 90' lang='lat' dir='ltr'>movent,</span> <span class='ocrx_word' id='word_1_87' title='bbox 671 1337 731 1381; x_wconf 91' lang='lat' dir='ltr'>non</span> <span class='ocrx_word' id='word_1_88' title='bbox 754 1317 831 1378; x_wconf 84' lang='lat' dir='ltr'>lilius</span> <span class='ocrx_word' id='word_1_89' title='bbox 853 1316 951 1376; x_wconf 85' lang='lat' dir='ltr'>inians</span> 
     </span>
     <span class='ocr_line' id='line_1_15' title="bbox 167 1400 896 1488; baseline -0.016 -15"><span class='ocrx_word' id='word_1_90' title='bbox 167 1412 225 1474; x_wconf 91' lang='lat' dir='ltr'>Pro</span> <span class='ocrx_word' id='word_1_91' title='bbox 247 1430 295 1471; x_wconf 89' lang='lat' dir='ltr'>me</span> <span class='ocrx_word' id='word_1_92' title='bbox 318 1415 484 1488; x_wconf 84' lang='lat' dir='ltr'>prostratus</span> <span class='ocrx_word' id='word_1_93' title='bbox 503 1403 563 1485; x_wconf 89' lang='lat' dir='ltr'>jam</span> <span class='ocrx_word' id='word_1_94' title='bbox 587 1408 682 1485; x_wconf 90' lang='lat' dir='ltr'>patris</span> <span class='ocrx_word' id='word_1_95' title='bbox 705 1411 772 1464; x_wconf 89' lang='lat' dir='ltr'>ante</span> <span class='ocrx_word' id='word_1_96' title='bbox 795 1400 896 1480; x_wconf 85' lang='lat' dir='ltr'>pedes.</span> 
     </span>
     <span class='ocr_line' id='line_1_16' title="bbox 121 1483 956 1571; baseline -0.02 -14"><span class='ocrx_word' id='word_1_97' title='bbox 121 1496 184 1557; x_wconf 89' lang='lat' dir='ltr'>Hac</span> <span class='ocrx_word' id='word_1_98' title='bbox 206 1496 268 1555; x_wconf 86' lang='lat' dir='ltr'>rice</span> <span class='ocrx_word' id='word_1_99' title='bbox 291 1513 329 1555; x_wconf 92' lang='lat' dir='ltr'>ne</span> <span class='ocrx_word' id='word_1_100' title='bbox 351 1499 466 1571; x_wconf 79' lang='lat' dir='ltr'>pugnet</span> <span class='ocrx_word' id='word_1_101' title='bbox 488 1491 586 1561; x_wconf 89' lang='lat' dir='ltr'>hodie,</span> <span class='ocrx_word' id='word_1_102' title='bbox 610 1508 664 1550; x_wconf 79' lang='lat' dir='ltr'>rex</span> <span class='ocrx_word' id='word_1_103' title='bbox 688 1491 809 1566; x_wconf 90' lang='lat' dir='ltr'>optime,</span> <span class='ocrx_word' id='word_1_104' title='bbox 835 1483 956 1549; x_wconf 87' lang='lat' dir='ltr'>manda!</span> 
     </span>
     <span class='ocr_line' id='line_1_17' title="bbox 163 1574 751 1639; baseline -0.015 0"><span class='ocrx_word' id='word_1_105' title='bbox 163 1582 265 1639; x_wconf 77' lang='lat' dir='ltr'>lecito</span> <span class='ocrx_word' id='word_1_106' title='bbox 289 1579 424 1638; x_wconf 83' lang='lat' dir='ltr'>Priamus</span> <span class='ocrx_word' id='word_1_107' title='bbox 446 1576 576 1636; x_wconf 87' lang='lat' dir='ltr'>Hectore</span> <span class='ocrx_word' id='word_1_108' title='bbox 598 1575 677 1635; x_wconf 85' lang='lat' dir='ltr'>latur</span> <span class='ocrx_word' id='word_1_109' title='bbox 699 1574 751 1632; x_wconf 91' lang='lat' dir='ltr'>ita:</span> 
     </span>
     <span class='ocr_line' id='line_1_18' title="bbox 121 1654 900 1740; baseline -0.013 -18"><span class='ocrx_word' id='word_1_110' title='bbox 121 1662 154 1723; x_wconf 93' lang='lat' dir='ltr'>ln</span> <span class='ocrx_word' id='word_1_111' title='bbox 179 1660 288 1721; x_wconf 85' lang='lat' dir='ltr'>bellum</span> <span class='ocrx_word' id='word_1_112' title='bbox 311 1662 401 1740; x_wconf 79' lang='lat' dir='ltr'>Troja</span> <span class='ocrx_word' id='word_1_113' title='bbox 424 1660 629 1726; x_wconf 85' lang='lat' dir='ltr'>committitur,</span> <span class='ocrx_word' id='word_1_114' title='bbox 653 1664 753 1724; x_wconf 80' lang='lat' dir='ltr'>exeat:</span> <span class='ocrx_word' id='word_1_115' title='bbox 779 1654 900 1714; x_wconf 88' lang='lat' dir='ltr'>Hector!</span> 
     </span>
     <span class='ocr_line' id='line_1_19' title="bbox 164 1738 897 1821; baseline -0.005 -17"><span class='ocrx_word' id='word_1_116' title='bbox 164 1744 334 1804; x_wconf 87' lang='lat' dir='ltr'>intantum</span> <span class='ocrx_word' id='word_1_117' title='bbox 359 1762 488 1814; x_wconf 88' lang='lat' dir='ltr'>maneas,</span> <span class='ocrx_word' id='word_1_118' title='bbox 513 1743 581 1803; x_wconf 90' lang='lat' dir='ltr'>nolo</span> <span class='ocrx_word' id='word_1_119' title='bbox 603 1741 682 1821; x_wconf 86' lang='lat' dir='ltr'>quod</span> <span class='ocrx_word' id='word_1_120' title='bbox 706 1757 786 1800; x_wconf 88' lang='lat' dir='ltr'>arma</span> <span class='ocrx_word' id='word_1_121' title='bbox 809 1738 897 1800; x_wconf 83' lang='lat' dir='ltr'>ieras.</span> 
     </span>
     <span class='ocr_line' id='line_1_20' title="bbox 122 1820 955 1905; baseline -0.011 -17"><span class='ocrx_word' id='word_1_122' title='bbox 122 1829 183 1889; x_wconf 90' lang='lat' dir='ltr'>lam</span> <span class='ocrx_word' id='word_1_123' title='bbox 205 1829 307 1904; x_wconf 89' lang='lat' dir='ltr'>fragor</span> <span class='ocrx_word' id='word_1_124' title='bbox 330 1845 490 1894; x_wconf 90' lang='lat' dir='ltr'>armorum,</span> <span class='ocrx_word' id='word_1_125' title='bbox 511 1828 571 1905; x_wconf 84' lang='lat' dir='ltr'>jam</span> <span class='ocrx_word' id='word_1_126' title='bbox 595 1825 707 1886; x_wconf 94' lang='lat' dir='ltr'>clamor</span> <span class='ocrx_word' id='word_1_127' title='bbox 724 1823 827 1884; x_wconf 59' lang='lat' dir='ltr'>‘sidera</span> <span class='ocrx_word' id='word_1_128' title='bbox 849 1820 955 1898; x_wconf 85' lang='lat' dir='ltr'>pulsat,</span> 
     </span>
     <span class='ocr_line' id='line_1_21' title="bbox 166 1906 903 1991; baseline -0.011 -18"><span class='ocrx_word' id='word_1_129' title='bbox 166 1913 282 1973; x_wconf 86' lang='lat' dir='ltr'>Cornua</span> <span class='ocrx_word' id='word_1_130' title='bbox 305 1914 518 1991; x_wconf 86' lang='lat' dir='ltr'>concrepitant.</span> <span class='ocrx_word' id='word_1_131' title='bbox 543 1906 671 1970; x_wconf 80' lang='lat' dir='ltr'>concava</span> <span class='ocrx_word' id='word_1_132' title='bbox 694 1925 763 1969; x_wconf 84' lang='lat' dir='ltr'>saxa</span> <span class='ocrx_word' id='word_1_133' title='bbox 786 1913 903 1968; x_wconf 84' lang='lat' dir='ltr'>sonant.</span> 
     </span>
     <span class='ocr_line' id='line_1_22' title="bbox 124 1992 888 2072; baseline -0.007 -17"><span class='ocrx_word' id='word_1_134' title='bbox 124 1996 212 2056; x_wconf 84' lang='lat' dir='ltr'>Fiant</span> <span class='ocrx_word' id='word_1_135' title='bbox 233 1994 322 2063; x_wconf 86' lang='lat' dir='ltr'>lituis,</span> <span class='ocrx_word' id='word_1_136' title='bbox 346 1994 486 2072; x_wconf 90' lang='lat' dir='ltr'>clangore</span> <span class='ocrx_word' id='word_1_137' title='bbox 508 1996 590 2071; x_wconf 86' lang='lat' dir='ltr'>gravi</span> <span class='ocrx_word' id='word_1_138' title='bbox 614 1992 805 2053; x_wconf 89' lang='lat' dir='ltr'>contunditur</span> <span class='ocrx_word' id='word_1_139' title='bbox 827 2008 888 2058; x_wconf 86' lang='lat' dir='ltr'>aer,</span> 
     </span>
     <span class='ocr_line' id='line_1_23' title="bbox 169 2077 855 2139; baseline -0.007 0"><span class='ocrx_word' id='word_1_140' title='bbox 169 2078 305 2139; x_wconf 87' lang='lat' dir='ltr'>Pulsibus</span> <span class='ocrx_word' id='word_1_141' title='bbox 327 2081 494 2139; x_wconf 87' lang='lat' dir='ltr'>innumeris</span> <span class='ocrx_word' id='word_1_142' title='bbox 516 2088 597 2138; x_wconf 88' lang='lat' dir='ltr'>terra</span> <span class='ocrx_word' id='word_1_143' title='bbox 621 2085 721 2137; x_wconf 89' lang='lat' dir='ltr'>coacta</span> <span class='ocrx_word' id='word_1_144' title='bbox 744 2077 855 2136; x_wconf 88' lang='lat' dir='ltr'>tremit.</span> 
     </span>
     <span class='ocr_line' id='line_1_24' title="bbox 125 2159 918 2241; baseline -0.008 -19"><span class='ocrx_word' id='word_1_145' title='bbox 125 2163 273 2241; x_wconf 71' lang='lat' dir='ltr'>leclypeo</span> <span class='ocrx_word' id='word_1_146' title='bbox 296 2162 418 2241; x_wconf 79' lang='lat' dir='ltr'>clypeus</span> <span class='ocrx_word' id='word_1_147' title='bbox 440 2165 650 2238; x_wconf 79' lang='lat' dir='ltr'>confringitur,</span> <span class='ocrx_word' id='word_1_148' title='bbox 674 2163 753 2220; x_wconf 90' lang='lat' dir='ltr'>ensis</span> <span class='ocrx_word' id='word_1_149' title='bbox 776 2159 813 2219; x_wconf 90' lang='lat' dir='ltr'>ab</span> <span class='ocrx_word' id='word_1_150' title='bbox 837 2175 918 2225; x_wconf 87' lang='lat' dir='ltr'>ense,</span> 
     </span>
     <span class='ocr_line' id='line_1_25' title="bbox 168 2245 892 2323; baseline -0.006 -18"><span class='ocrx_word' id='word_1_151' title='bbox 168 2246 254 2306; x_wconf 87' lang='lat' dir='ltr'>Conti</span> <span class='ocrx_word' id='word_1_152' title='bbox 277 2255 495 2323; x_wconf 83' lang='lat' dir='ltr'>compugnant·</span> <span class='ocrx_word' id='word_1_153' title='bbox 511 2247 591 2322; x_wconf 85' lang='lat' dir='ltr'>ligna</span> <span class='ocrx_word' id='word_1_154' title='bbox 614 2245 733 2321; x_wconf 81' lang='lat' dir='ltr'>fragore</span> <span class='ocrx_word' id='word_1_155' title='bbox 756 2249 892 2322; x_wconf 90' lang='lat' dir='ltr'>crepant.</span> 
     </span>
     <span class='ocr_line' id='line_1_26' title="bbox 126 2327 948 2409; baseline -0.004 -21"><span class='ocrx_word' id='word_1_156' title='bbox 126 2329 186 2389; x_wconf 91' lang='lat' dir='ltr'>lam</span> <span class='ocrx_word' id='word_1_157' title='bbox 209 2330 284 2391; x_wconf 86' lang='lat' dir='ltr'>nilril</span> <span class='ocrx_word' id='word_1_158' title='bbox 307 2331 402 2390; x_wconf 89' lang='lat' dir='ltr'>audiri</span> <span class='ocrx_word' id='word_1_159' title='bbox 423 2336 539 2409; x_wconf 90' lang='lat' dir='ltr'>poterat</span> <span class='ocrx_word' id='word_1_160' title='bbox 561 2331 619 2389; x_wconf 89' lang='lat' dir='ltr'>nisi</span> <span class='ocrx_word' id='word_1_161' title='bbox 643 2328 765 2405; x_wconf 86' lang='lat' dir='ltr'>clangor</span> <span class='ocrx_word' id='word_1_162' title='bbox 788 2336 818 2386; x_wconf 91' lang='lat' dir='ltr'>et</span> <span class='ocrx_word' id='word_1_163' title='bbox 840 2327 948 2386; x_wconf 88' lang='lat' dir='ltr'>horror</span> 
     </span>
     <span class='ocr_line' id='line_1_27' title="bbox 108 2412 943 2492; baseline -0.002 -21"><span class='ocrx_word' id='word_1_164' title='bbox 108 2422 112 2432; x_wconf 79' lang='grc'><em>“</em></span> <span class='ocrx_word' id='word_1_165' title='bbox 168 2414 239 2473; x_wconf 86' lang='lat' dir='ltr'>Cum</span> <span class='ocrx_word' id='word_1_166' title='bbox 263 2416 390 2490; x_wconf 88' lang='lat' dir='ltr'>strepitu</span> <span class='ocrx_word' id='word_1_167' title='bbox 413 2412 534 2482; x_wconf 89' lang='lat' dir='ltr'>clamor,</span> <span class='ocrx_word' id='word_1_168' title='bbox 558 2431 685 2492; x_wconf 86' lang='lat' dir='ltr'>cumque</span> <span class='ocrx_word' id='word_1_169' title='bbox 708 2412 809 2472; x_wconf 89' lang='lat' dir='ltr'>lurore</span> <span class='ocrx_word' id='word_1_170' title='bbox 832 2413 943 2487; x_wconf 81' lang='lat' dir='ltr'>fragor.</span> 
     </span>
     <span class='ocr_line' id='line_1_28' title="bbox 126 2496 904 2575; baseline -0.003 -19"><span class='ocrx_word' id='word_1_171' title='bbox 126 2496 319 2575; x_wconf 86' lang='lat' dir='ltr'>Respondere</span> <span class='ocrx_word' id='word_1_172' title='bbox 342 2499 445 2575; x_wconf 86' lang='lat' dir='ltr'>nequit</span> <span class='ocrx_word' id='word_1_173' title='bbox 467 2504 511 2557; x_wconf 92' lang='lat' dir='ltr'>tot</span> <span class='ocrx_word' id='word_1_174' title='bbox 533 2496 656 2557; x_wconf 89' lang='lat' dir='ltr'>vocibus</span> <span class='ocrx_word' id='word_1_175' title='bbox 679 2496 754 2556; x_wconf 89' lang='lat' dir='ltr'>echo</span> <span class='ocrx_word' id='word_1_176' title='bbox 777 2497 904 2563; x_wconf 91' lang='lat' dir='ltr'>sonoris,</span> 
     </span>
     <span class='ocr_line' id='line_1_29' title="bbox 169 2578 904 2661; baseline 0 -22"><span class='ocrx_word' id='word_1_177' title='bbox 169 2580 247 2650; x_wconf 86' lang='lat' dir='ltr'>Quot</span> <span class='ocrx_word' id='word_1_178' title='bbox 270 2588 354 2639; x_wconf 90' lang='lat' dir='ltr'>sonat</span> <span class='ocrx_word' id='word_1_179' title='bbox 375 2582 406 2639; x_wconf 94' lang='lat' dir='ltr'>in</span> <span class='ocrx_word' id='word_1_180' title='bbox 429 2580 520 2641; x_wconf 90' lang='lat' dir='ltr'>rebus</span> <span class='ocrx_word' id='word_1_181' title='bbox 542 2579 650 2640; x_wconf 90' lang='lat' dir='ltr'>bellica</span> <span class='ocrx_word' id='word_1_182' title='bbox 671 2579 772 2657; x_wconf 90' lang='lat' dir='ltr'>lingua</span> <span class='ocrx_word' id='word_1_183' title='bbox 796 2578 904 2661; x_wconf 86' lang='lat' dir='ltr'>modis.</span> 
     </span>
     <span class='ocr_line' id='line_1_30' title="bbox 126 2662 888 2747; baseline 0.001 -24"><span class='ocrx_word' id='word_1_184' title='bbox 126 2662 274 2723; x_wconf 87' lang='lat' dir='ltr'>instaurat</span> <span class='ocrx_word' id='word_1_185' title='bbox 297 2681 408 2724; x_wconf 89' lang='lat' dir='ltr'>cuncos</span> <span class='ocrx_word' id='word_1_186' title='bbox 431 2664 622 2725; x_wconf 88' lang='lat' dir='ltr'>Graecorum</span> <span class='ocrx_word' id='word_1_187' title='bbox 636 2667 727 2747; x_wconf 83' lang='lat' dir='ltr'>turris</span> <span class='ocrx_word' id='word_1_188' title='bbox 750 2663 888 2732; x_wconf 79' lang='lat' dir='ltr'>Achilles,</span> 
     </span>
     <span class='ocr_line' id='line_1_31' title="bbox 167 2746 820 2826; baseline 0 -19"><span class='ocrx_word' id='word_1_189' title='bbox 167 2747 240 2826; x_wconf 78' lang='lat' dir='ltr'>Ajar</span> <span class='ocrx_word' id='word_1_190' title='bbox 262 2746 375 2807; x_wconf 91' lang='lat' dir='ltr'>Locrus</span> <span class='ocrx_word' id='word_1_191' title='bbox 399 2749 426 2806; x_wconf 89' lang='lat' dir='ltr'>ei</span> <span class='ocrx_word' id='word_1_192' title='bbox 448 2766 515 2808; x_wconf 91' lang='lat' dir='ltr'>cum</span> <span class='ocrx_word' id='word_1_193' title='bbox 539 2748 681 2809; x_wconf 87' lang='lat' dir='ltr'>Diomede</span> <span class='ocrx_word' id='word_1_194' title='bbox 705 2766 820 2816; x_wconf 88' lang='lat' dir='ltr'>comes;</span> 
     </span>
     <span class='ocr_line' id='line_1_32' title="bbox 126 2829 818 2910; baseline 0.001 -21"><span class='ocrx_word' id='word_1_195' title='bbox 126 2829 271 2890; x_wconf 85' lang='lat' dir='ltr'>Provocat</span> <span class='ocrx_word' id='word_1_196' title='bbox 293 2833 429 2907; x_wconf 90' lang='lat' dir='ltr'>egregios</span> <span class='ocrx_word' id='word_1_197' title='bbox 451 2833 568 2892; x_wconf 80' lang='lat' dir='ltr'>Atrides</span> <span class='ocrx_word' id='word_1_198' title='bbox 590 2835 655 2910; x_wconf 90' lang='lat' dir='ltr'>ipse</span> <span class='ocrx_word' id='word_1_199' title='bbox 679 2831 818 2910; x_wconf 85' lang='lat' dir='ltr'>Pelasgos</span> 
     </span>
     <span class='ocr_line' id='line_1_33' title="bbox 169 2914 1106 2993; baseline 0.003 -21"><span class='ocrx_word' id='word_1_200' title='bbox 169 2914 273 2974; x_wconf 82' lang='lat' dir='ltr'>Fortes</span> <span class='ocrx_word' id='word_1_201' title='bbox 296 2933 329 2973; x_wconf 89' lang='lat' dir='ltr'>se</span> <span class='ocrx_word' id='word_1_202' title='bbox 351 2924 499 2984; x_wconf 88' lang='lat' dir='ltr'>sternunt,</span> <span class='ocrx_word' id='word_1_203' title='bbox 525 2916 645 2976; x_wconf 91' lang='lat' dir='ltr'>vulnera</span> <span class='ocrx_word' id='word_1_204' title='bbox 668 2917 748 2993; x_wconf 89' lang='lat' dir='ltr'>larga</span> <span class='ocrx_word' id='word_1_205' title='bbox 771 2915 878 2975; x_wconf 87' lang='lat' dir='ltr'>fluunt.</span> <span class='ocrx_word' id='word_1_206' title='bbox 1046 2920 1106 2970; x_wconf 78' lang='lat'>420</span> 
     </span>
    </p>
   </div>
   <div class='ocr_carea' id='block_1_4' title="bbox 127 3096 1165 3497">
    <p class='ocr_par' dir='ltr' id='par_1_8' title="bbox 127 3096 1165 3296">
     <span class='ocr_line' id='line_1_34' title="bbox 194 3096 1106 3162; baseline 0 -16"><span class='ocrx_word' id='word_1_207' title='bbox 194 3097 251 3150; x_wconf 81' lang='lat'><strong>389.</strong></span> <span class='ocrx_word' id='word_1_208' title='bbox 270 3099 366 3147; x_wconf 88' lang='lat' dir='ltr'>matris</span> <span class='ocrx_word' id='word_1_209' title='bbox 385 3114 433 3162; x_wconf 90' lang='lat' dir='ltr'>pro</span> <span class='ocrx_word' id='word_1_210' title='bbox 452 3098 513 3149; x_wconf 84' lang='lat' dir='ltr'>cod.</span> <span class='ocrx_word' id='word_1_211' title='bbox 532 3099 670 3150; x_wconf 88' lang='lat' dir='ltr'>membris.</span> <span class='ocrx_word' id='word_1_212' title='bbox 706 3099 796 3149; x_wconf 84' lang='lat' dir='ltr'>flectit</span> <span class='ocrx_word' id='word_1_213' title='bbox 814 3114 863 3161; x_wconf 89' lang='lat' dir='ltr'>pro</span> <span class='ocrx_word' id='word_1_214' title='bbox 881 3097 967 3150; x_wconf 84' lang='lat' dir='ltr'>flecti,</span> <span class='ocrx_word' id='word_1_215' title='bbox 1037 3096 1106 3146; x_wconf 80' lang='lat'><strong>407.</strong></span> 
     </span>
     <span class='ocr_line' id='line_1_35' title="bbox 127 3161 1107 3230; baseline 0.002 -19"><span class='ocrx_word' id='word_1_216' title='bbox 127 3177 236 3227; x_wconf 83' lang='lat' dir='ltr'>margo:</span> <span class='ocrx_word' id='word_1_217' title='bbox 258 3166 356 3230; x_wconf 83' lang='lat' dir='ltr'>Pugna</span> <span class='ocrx_word' id='word_1_218' title='bbox 373 3165 399 3213; x_wconf 93' lang='lat' dir='ltr'>X</span> <span class='ocrx_word' id='word_1_219' title='bbox 417 3167 447 3214; x_wconf 87' lang='lat' dir='ltr'>in</span> <span class='ocrx_word' id='word_1_220' title='bbox 465 3181 519 3228; x_wconf 87' lang='lat' dir='ltr'>qna</span> <span class='ocrx_word' id='word_1_221' title='bbox 535 3165 659 3217; x_wconf 85' lang='lat' dir='ltr'>Achilles</span> <span class='ocrx_word' id='word_1_222' title='bbox 679 3166 778 3217; x_wconf 87' lang='lat' dir='ltr'>occidit</span> <span class='ocrx_word' id='word_1_223' title='bbox 796 3167 955 3218; x_wconf 81' lang='lat' dir='ltr'>Hectorem.</span> <span class='ocrx_word' id='word_1_224' title='bbox 991 3161 1107 3213; x_wconf 83' lang='lat' dir='ltr'>Similis</span> 
     </span>
     <span class='ocr_line' id='line_1_36' title="bbox 127 3229 1165 3296; baseline 0.02 -19"><span class='ocrx_word' id='word_1_225' title='bbox 127 3229 206 3281; x_wconf 86' lang='lat' dir='ltr'>locus</span> <span class='ocrx_word' id='word_1_226' title='bbox 225 3231 351 3281; x_wconf 85' lang='lat' dir='ltr'>Gualteri</span> <span class='ocrx_word' id='word_1_227' title='bbox 368 3231 448 3282; x_wconf 83' lang='lat' dir='ltr'>Alex.</span> <span class='ocrx_word' id='word_1_228' title='bbox 467 3232 518 3293; x_wconf 91' lang='lat'>111,</span> <span class='ocrx_word' id='word_1_229' title='bbox 538 3235 551 3280; x_wconf 93' lang='lat'>1</span> <span class='ocrx_word' id='word_1_230' title='bbox 571 3247 631 3296; x_wconf 68' lang='lat' dir='ltr'>sqq.</span> <span class='ocrx_word' id='word_1_231' title='bbox 1161 3240 1165 3245; x_wconf 50' lang='lat'>⁵</span> 
     </span>
    </p>

    <p class='ocr_par' dir='ltr' id='par_1_9' title="bbox 227 3296 991 3497">
     <span class='ocr_line' id='line_1_37' title="bbox 227 3296 991 3364; baseline -0.001 -16"><span class='ocrx_word' id='word_1_232' title='bbox 227 3300 287 3349; x_wconf 83' lang='lat' dir='ltr'>Iam</span> <span class='ocrx_word' id='word_1_233' title='bbox 306 3299 401 3363; x_wconf 82' lang='lat' dir='ltr'>fragor</span> <span class='ocrx_word' id='word_1_234' title='bbox 419 3310 563 3360; x_wconf 82' lang='lat' dir='ltr'>armorum,</span> <span class='ocrx_word' id='word_1_235' title='bbox 578 3296 637 3361; x_wconf 80' lang='lat' dir='ltr'>jam</span> <span class='ocrx_word' id='word_1_236' title='bbox 655 3306 763 3364; x_wconf 83' lang='lat' dir='ltr'>strages</span> <span class='ocrx_word' id='word_1_237' title='bbox 781 3300 884 3350; x_wconf 86' lang='lat' dir='ltr'>bellica</span> <span class='ocrx_word' id='word_1_238' title='bbox 901 3299 991 3351; x_wconf 86' lang='lat' dir='ltr'>vincit</span> 
     </span>
     <span class='ocr_line' id='line_1_38' title="bbox 231 3364 932 3432; baseline 0 -17"><span class='ocrx_word' id='word_1_239' title='bbox 231 3365 397 3430; x_wconf 84' lang='lat' dir='ltr'>Clengorem</span> <span class='ocrx_word' id='word_1_240' title='bbox 415 3365 524 3429; x_wconf 86' lang='lat' dir='ltr'>lituum,</span> <span class='ocrx_word' id='word_1_241' title='bbox 544 3364 693 3416; x_wconf 79' lang='lat' dir='ltr'>subtexunt</span> <span class='ocrx_word' id='word_1_242' title='bbox 711 3373 788 3417; x_wconf 84' lang='lat' dir='ltr'>astra</span> <span class='ocrx_word' id='word_1_243' title='bbox 806 3369 932 3432; x_wconf 80' lang='lat' dir='ltr'>sagittae</span> 
     </span>
     <span class='ocr_line' id='line_1_39' title="bbox 230 3432 970 3497; baseline 0.008 -18"><span class='ocrx_word' id='word_1_244' title='bbox 230 3432 432 3497; x_wconf 83' lang='lat' dir='ltr'>Missiliumque</span> <span class='ocrx_word' id='word_1_245' title='bbox 452 3433 583 3496; x_wconf 81' lang='lat' dir='ltr'>frequens</span> <span class='ocrx_word' id='word_1_246' title='bbox 601 3433 746 3483; x_wconf 85' lang='lat' dir='ltr'>obnubilat</span> <span class='ocrx_word' id='word_1_247' title='bbox 765 3450 831 3484; x_wconf 80' lang='lat' dir='ltr'>aera</span> <span class='ocrx_word' id='word_1_248' title='bbox 850 3435 970 3485; x_wconf 79' lang='lat' dir='ltr'>nimbus.</span> 
     </span>
    </p>
   </div>
   <div class='ocr_carea' id='block_1_5' title="bbox 0 0 1276 3917">
    <p class='ocr_par' dir='ltr' id='par_1_10' title="bbox 0 0 1276 3917">
     <span class='ocr_line' id='line_1_40' title="bbox 0 0 1276 3917; baseline 0 0"><span class='ocrx_word' id='word_1_249' title='bbox 0 0 1276 3917; x_wconf 95' lang='lat' dir='ltr'> </span> 
     </span>
    </p>
   </div>
  </div>
 </body>
</html>
