2509 3917
171 183 214 249 48
483 184 546 234 ure.
564 183 601 234 11.
636 198 663 232 v.
681 182 826 234 oco-291.
921 198 925 205 >

173 338 311 400 Gaudent
331 337 432 413 Argivi
453 333 636 414 Calclrasque
659 343 799 414 receptus
821 334 947 395 honeste
1091 341 1148 391 aas

214 422 296 483 Inter
318 440 370 481 ens
392 423 475 497 degit
496 438 552 481 nec
573 438 627 481 sua
650 427 729 480 tecta
752 421 837 497 petit.

292 566 447 623 TROIANI
463 565 566 622 TELIS
583 565 632 621 ΕΤ
649 565 763 621 ARMIS
780 565 951 620 MUNIUNT
970 562 1021 624 SE.

173 675 239 738 Non
262 682 400 752 poterant
422 676 480 735 ista
502 671 649 749 Troianos
671 672 748 733 lacta
772 671 875 741 latere,

217 759 384 820 Obllrmant
406 760 495 817 etiam
518 766 651 836 pectora,
676 756 733 817 tela
756 765 872 835 parant.

173 843 287 904 Rumor
308 851 342 903 ut
362 842 411 902 hic
434 845 564 921 primum
588 841 698 902 Priami
721 858 776 916 per
797 847 875 901 tecta
895 837 1012 909 volarit,

217 927 298 988 Bella
321 926 403 995 mihi,
426 926 523 992 video.
548 924 626 986 bella
648 932 802 1004 parantur,
826 926 876 985 ait.
1090 929 1146 981 270

175 1013 278 1073 Armet
302 1009 418 1089 etipse
441 1010 575 1090 Phryges
597 1013 628 1070 in
652 1009 776 1087 proelia,
798 1011 916 1070 moenia
940 1009 1036 1069 munit

217 1095 349 1165 Auxiliis,
372 1095 472 1161 armis,
497 1093 609 1155 viribus
632 1103 721 1170 atque
743 1095 830 1162 riris;

175 1178 346 1240 Thesauros
368 1180 472 1258 aperit,
496 1179 546 1239 dat
568 1179 705 1239 donativa
727 1178 866 1255 maniplis

217 1262 307 1325 Ocius
329 1266 359 1323 in
382 1263 492 1323 bellum
514 1270 677 1340 congregat
698 1280 787 1323 omne
808 1260 915 1322 solum,

174 1346 270 1407 Flevit
291 1356 322 1408 et
344 1349 392 1407 hic
415 1346 525 1408 Helena
548 1347 690 1426 specialis
711 1364 800 1408 causa
823 1345 978 1412 malorum,
1091 1352 1145 1402 ato
1251 1330 1252 1335 ¹

218 1437 353 1493 Attamen
377 1430 425 1492 his
447 1431 590 1492 modicam
613 1429 735 1492 fletibus
755 1431 833 1491 addo
855 1428 961 1496 ildem;

176 1514 325 1577 Ponatur:
349 1515 495 1589 lacrimas,
520 1535 595 1595 quas
617 1515 728 1576 fuderit
750 1515 833 1584 haec,
858 1514 999 1574 mulieres

219 1601 255 1661 Ut
277 1601 393 1670 iterent,
417 1600 519 1660 oculos
541 1600 680 1659 erudiere
702 1618 783 1660 snos.

176 1684 284 1754 Quales
306 1701 379 1761 ergo
400 1685 471 1753 cibi,
495 1682 561 1744 talis
584 1684 690 1743 domus
711 1695 800 1762 atque
822 1679 955 1760 supellex

219 1766 320 1838 Qualis
342 1776 407 1827 erat
429 1767 545 1836 mulier,
570 1770 627 1828 tale
650 1767 797 1847 coquebat
817 1767 892 1827 olus.
1090 1773 1146 1824 280

243 1911 453 1968 TEMPESTAS
472 1911 699 1968 GRAEOORUM
716 1912 839 1969 Novus
857 1910 1066 1967 TRAHEBAT.

175 2022 302 2089 Ancora,
324 2037 400 2097 quae
423 2019 567 2080 Graecam
590 2028 674 2080 tenet
694 2022 774 2080 inter
795 2019 894 2081 littora
916 2017 1051 2087 classem,

220 2103 360 2172 Solvitur,
383 2105 531 2182 incipiunt
554 2122 666 2183 aequor
689 2122 790 2164 amare
812 2112 901 2166 rates.

176 2186 284 2248 Aeolus
305 2189 415 2247 insanit
436 2198 466 2247 et
488 2195 665 2264 tempestate
687 2196 788 2249 coacta

219 2274 340 2349 Cogitur
362 2271 397 2331 ad
422 2271 504 2332 littus
527 2272 640 2333 Graeca
662 2273 762 2332 redire
785 2272 922 2352 phalanx.

176 2355 339 2436 Respondit
361 2355 497 2417 Calchas:
521 2358 688 2425 redeamus,
712 2358 742 2415 in
764 2357 872 2418 Aulide
893 2364 1015 2423 stemus,
1092 2363 1146 2413 285

218 2440 350 2501 Placebit
372 2442 490 2502 tandem
512 2442 610 2501 lenior
632 2459 703 2502 aura
728 2451 832 2501 ratem,

175 2523 320 2585 Persolvit
341 2524 461 2586 rediens
482 2528 685 2601 Agamemnon
707 2535 775 2585 vota
799 2525 916 2595 llianae,

219 2612 350 2670 Ancorat
371 2609 422 2669 hic
444 2608 546 2688 plures
568 2612 685 2669 nautica
709 2610 797 2671 turba
820 2609 894 2672 dies.

329 2753 392 2807 fflc
409 2752 553 2809 ITERUM
570 2754 672 2811 Auno
689 2755 811 2811 FAVET
830 2752 994 2815 GRAECIS.

179 2861 301 2922 Gratum
323 2867 391 2937 post
412 2859 529 2939 aliquae
552 2861 690 2937 producit
712 2869 987 2941 temperarentur]

217 2943 395 3004 Exhilarans
417 2944 519 3005 oculos
540 2964 611 3006 aura
634 2964 739 3007 serena
763 2965 842 3007 suos.
1091 2954 1145 3004 290

176 3027 247 3088 Vela
268 3035 373 3106 petunt
394 3046 504 3100 arcem,
527 3031 645 3090 solvunt
666 3030 833 3092 retinacula
855 3027 991 3099 classem,

244 3197 303 3246 269.
321 3196 371 3246 Or.
390 3196 468 3246 Fast.
487 3195 534 3248 VI.
552 3198 616 3247 527:
698 3212 703 3225 ¹

279 3263 381 3312 Rumor
399 3261 442 3326 (ut
459 3267 503 3313 est
520 3262 612 3328 velox)
632 3264 747 3328 agitatis
764 3263 893 3331 pervolat
911 3264 973 3316 elis.

177 3332 236 3382 274.
253 3326 363 3381 Gualth.
382 3331 459 3381 Alex.
476 3332 512 3391 11,
533 3333 574 3381 17.

279 3399 363 3450 Ocius
381 3398 471 3448 edicto
489 3399 546 3448 ruit
563 3399 651 3449 omnis
669 3399 699 3451 in
716 3414 792 3451 erma
806 3400 950 3465 juventus.

179 3467 237 3516 278.
256 3468 297 3516 Ex
316 3466 396 3518 ovid.
415 3467 516 3516 remed.
535 3467 592 3516 690.
