2509 3917
1046 10 1252 138 ¹.-

196 235 239 301 34
517 236 578 289 nib.
596 237 620 287 1.
656 252 683 284 v.
701 237 845 287 ors-ros.

241 388 323 461 Quae
345 390 434 450 nimis
456 390 708 468 apparent‘retia,
733 390 805 449 vitat
827 393 898 448 avis.

196 474 255 538 Ora
278 492 396 534 sacrum
418 479 539 533 teneant
561 489 599 533 nc
621 471 660 532 sit
681 474 826 551 strepitus
849 489 946 549 neque
968 472 1090 542 clamor,
1118 483 1174 533 680

238 558 312 629 Quis
334 560 434 619 minor
456 564 503 617 est
526 574 668 634 unquam,
691 572 780 632 quam
803 557 940 625 tacuisse,
964 556 1068 617 labori

449 735 511 792 Hic
528 735 652 791 RAPTA
668 736 736 791 EST
752 736 911 791 HELENA.

195 861 251 932 Oui
275 859 438 939 prohibere
461 857 570 928 studet.
595 857 718 936 pelagus
741 877 779 920 na
801 858 932 928 fluctuet,
956 860 1035 937 ignis

239 944 283 1006 Ne
306 943 411 1013 caleat,
434 943 533 1004 studio
555 943 668 1003 fallitur
689 942 739 1003 ilie
761 961 826 1003 suo.

195 1029 257 1090 Nec
278 1028 354 1089 later
375 1027 490 1107 absque
512 1024 576 1088 luto
598 1043 654 1088 nec
677 1045 801 1107 serpens
824 1027 936 1106 absque
960 1045 1074 1087 veneno

237 1113 310 1174 Esse
332 1119 438 1191 potest,
462 1129 518 1171 nec
541 1113 600 1171 erit
621 1112 731 1171 femina
755 1118 834 1171 casta
859 1108 920 1172 diu.
1114 1122 1170 1171 685

194 1198 284 1259 Passa
307 1194 396 1257 modo
419 1195 569 1264 Paridem,
591 1195 730 1256 Paridem
753 1195 851 1261 modo.
875 1194 992 1257 Thesea
1015 1198 1134 1274 pridem

236 1281 298 1341 lam
319 1279 418 1340 Ledca
442 1279 521 1339 thori
543 1279 607 1339 vult
628 1279 740 1340 violare
762 1279 862 1339 fidem.

194 1364 350 1442 Pugnabat
370 1367 471 1443 primo
493 1363 643 1432 fortassis:
667 1373 706 1430 et,
728 1363 880 1440 improbe!
903 1364 992 1433 dicet,

237 1448 402 1527 Pugnando
425 1450 504 1508 vinci
526 1467 559 1509 se
581 1447 662 1509 volet
684 1447 733 1508 ilia
756 1457 867 1508 tamen.

195 1535 329 1596 Dicimus
352 1533 431 1596 hanc
454 1531 596 1593 Helenam
620 1535 716 1609 magis
738 1550 773 1592 ex
796 1534 914 1592 ratione
936 1531 1078 1601 leaenam,
1114 1542 1169 1591 690

240 1617 290 1678 Vel
314 1619 411 1697 potius
434 1616 530 1676 lenam
554 1618 750 1678 conliteamur
773 1634 848 1676 eam.

196 1702 292 1780 Rupta
316 1701 469 1779 pudicitia,
493 1702 563 1779 quia
586 1699 671 1760 foeda
696 1699 797 1761 leaena
819 1701 947 1778 patravit

238 1785 358 1846 Crimen
382 1785 530 1852 adulterii,
554 1785 592 1844 sit
614 1786 697 1863 quasi
720 1782 797 1857 lena,
820 1783 938 1862 probat.

194 1867 344 1928 Invadunt
365 1868 465 1927 sanum
489 1885 594 1927 somno
618 1866 743 1927 sortasse
766 1867 924 1946 sepultum,

240 1953 417 2031 Adspiciunt
439 1950 590 2012 Phoebum
614 1970 670 2012 nec
692 1961 870 2013 reverentur
893 1971 970 2021 eum,
1115 1963 1167 2012 695
1249 2029 1250 2034 η

194 2034 397 2116 Tyndaridem
420 2038 556 2114 rapiunt;
583 2054 643 2097 non
666 2046 712 2097 est
733 2038 823 2097 invita
846 2045 960 2105 secuta,
1249 2047 1250 2052 ’

236 2119 344 2199 Fitque
369 2118 506 2197 negando
529 2128 635 2198 patens
657 2129 687 2179 et
709 2121 889 2181 retrahendo
911 2139 1051 2200 sequens.

195 2204 361 2264 Priamides
383 2203 511 2281 impellit
532 2222 596 2267 eam
619 2208 758 2284 cogitque
782 2203 938 2273 volentem,

141 2333 147 2344 ,
237 2286 321 2357 Quod
344 2287 436 2368 Juvat,
459 2290 568 2348 invitae
590 2306 681 2365 saepe
703 2289 821 2349 dedisse
845 2289 958 2356 voiunt;

193 2370 354 2434 Eioribus
376 2374 466 2433 castri
489 2375 646 2434 memorati
668 2371 779 2452 pellere
803 2374 833 2432 ni
856 2374 883 2433 vi
1112 2383 1163 2433 tou
1245 2413 1246 2428 t

236 2458 295 2518 Pro
316 2455 412 2535 spolio
435 2455 487 2517 tali
509 2457 678 2536 prosiluere
701 2459 762 2517 citi.

194 2541 320 2602 Obstant
342 2539 472 2608 Troiani,
496 2543 616 2617 fugiunt
637 2542 667 2602 hi
689 2550 788 2618 strage
811 2543 915 2611 coacti,

237 2626 340 2687 Cetera
364 2624 451 2686 turba
474 2633 573 2700 ruunt,
597 2622 825 2704 vel·capiuntur
847 2624 902 2686 ibi.

193 2709 275 2772 Fano
298 2709 450 2790 praedato,
474 2726 540 2769 cnm
564 2710 605 2768 nii
628 2726 787 2785 superesse
809 2709 934 2777 videtur,

236 2793 330 2855 Nauta
354 2792 418 2853 solo
442 2792 529 2860 cedit,
553 2792 585 2852 iit
606 2792 685 2869 iuga,
708 2793 820 2871 praedo
843 2794 931 2852 redit.
1113 2803 1163 2851 ‘105

195 2944 399 2956 .....-.-----

260 3029 318 3082 679.
337 3026 430 3077 Ovidii
447 3026 525 3080 Rem.
544 3028 601 3079 Am.
619 3028 679 3078 516.
765 3028 823 3078 681.
842 3025 893 3076 Ov.
912 3024 1056 3089 truncti,
1075 3029 1101 3091 2,
1121 3029 1166 3078 28.

312 3094 380 3155 Quis
398 3095 488 3145 minor
505 3100 549 3146 est
567 3100 666 3154 autem,
687 3109 768 3159 quam
787 3095 920 3159 tacuisse,
939 3092 1028 3150 labor,

193 3165 251 3215 687.
270 3161 339 3214 God.
358 3163 413 3213 vui.
483 3164 541 3214 688.
561 3164 603 3213 89.
621 3161 672 3215 Ov.
690 3161 742 3210 Ars
760 3162 782 3222 1,
800 3162 858 3214 665.
877 3162 902 3224 6,
920 3162 984 3211 nbis

377 3230 529 3296 Pugnando
547 3230 624 3280 vinci
642 3228 691 3277 sed
708 3234 800 3277 tamen
818 3228 868 3277 illc
885 3227 969 3290 volet,

193 3300 251 3348 692.
270 3313 318 3363 pro
337 3297 396 3347 cod.
413 3301 561 3362 patratum.
614 3298 674 3346 694.
686 3295 753 3346 (iod.
773 3295 869 3358 fatum,
887 3296 961 3360 Virg.
975 3298 1047 3347 Aen.
1059 3295 1098 3359 11,
1110 3297 1163 3347 266

344 3364 483 3416 Invadunt
499 3364 594 3415 urbem
614 3377 709 3413 somno
726 3363 846 3427 vinoque
864 3365 1010 3428 sepultam.

192 3434 252 3488 aba.
271 3432 321 3483 Ov.
341 3432 393 3482 Ars
411 3433 431 3494 1,
452 3433 512 3487 674.
