2509 3917
391 166 453 217 nse.
471 166 508 217 11.
543 181 570 219 v.
588 167 731 218 asc-sse
1004 165 1045 230 51

66 319 211 401 *Possunt
233 317 378 395 Argolicis
398 317 468 377 hinc
488 318 532 377 ire
554 315 665 378 cibaria
688 318 786 389 castis,

124 403 179 463 His
200 405 313 482 poteris
334 401 420 463 uobis
443 402 525 462 utilis
547 419 613 463 esse
635 401 742 464 modis.
995 413 1046 462 353

79 487 147 547 Hac
168 488 234 547 rice
255 487 414 547 Troianam
436 503 498 547 non
519 483 578 546 ibis
599 484 637 546 ad
660 484 859 564 obsidionem,

127 569 274 650 Quicquid
297 581 386 649 agant
407 568 465 640 alii,
489 571 528 631 sit
548 566 635 630 labor
656 570 713 631 iste
735 578 811 631 tuus.

77 655 202 734 Puppes
223 655 384 728 mittemus,
407 662 438 714 tu
460 661 573 715 tantum
596 653 738 733 providus
760 661 824 715 esto

123 738 220 805 Nobis
241 739 392 800 mittendis
412 737 467 798 lras
488 755 615 799 onerare
637 737 722 798 cibis.

80 823 140 883 llic
163 832 273 892 manet,
296 820 347 882 ille
369 822 463 893 redit;
485 824 715 899 Agamemnonis
736 822 860 885 auribus
882 823 967 895 indit,
995 834 1048 885 330

123 906 211 977 Quod
234 908 344 968 iactum
367 907 473 977 luerat,
496 905 547 967 ille
569 916 684 986 patrata
705 905 821 984 probat.

168 1052 294 1107 VERBA
310 1052 430 1108 ULIXIS
446 1051 494 1107 ΕΤ
511 1052 688 1108 Diouums
705 1053 755 1108 AD
773 1054 952 1114 psillium
1036 1126 1042 1134 ἢ

78 1159 211 1238 Ceperat
231 1160 344 1220 interea
365 1156 425 1236 jam
447 1158 562 1238 pridem
586 1160 695 1220 missus
717 1159 818 1221 Ulixes

122 1244 159 1304 ln
183 1245 257 1305 iacie
278 1243 391 1304 Priami
413 1261 481 1304 curn
503 1242 643 1304 diomede.
664 1244 759 1322 loqui:

78 1328 162 1388 Rex!
185 1328 272 1388 missi
290 1345 392 1387 sumus
414 1326 452 1388 ab
473 1331 703 1405 Agamemnone.
727 1329 752 1388 si
773 1328 882 1408 placet,
907 1329 975 1390 audi

120 1412 214 1482 Haec,
238 1429 314 1491 quae
337 1410 500 1473 deferimus
522 1412 585 1472 eius
607 1411 645 1472 ab
668 1429 721 1472 ore
742 1411 807 1473 tibi.
994 1423 1045 1474 333

79 1496 265 1557 Graecorum
288 1499 436 1572 reginen
459 1504 505 1558 est
524 1498 648 1558 victoria
671 1497 753 1564 tanti,

119 1580 162 1642 Ut
184 1598 238 1660 per
262 1578 337 1640 bella
360 1597 431 1640 suos
452 1580 537 1641 malit
559 1578 645 1640 obire
669 1582 765 1648 viros;

81 1664 140 1725 Sed
167 1674 266 1725 tamen
288 1663 369 1726 illins
390 1682 515 1741 reguum
538 1681 576 1724 ne
598 1664 745 1742 deprimat
766 1664 861 1726 hostis

119 1749 278 1810 Materiam
302 1748 401 1810 damni
423 1747 638 1828 dedecorisque
660 1766 777 1825 gerens,
915 1758 920 1763 ’

77 1833 109 1894 Si
131 1834 203 1912 quis
224 1834 304 1893 enim
327 1833 467 1893 damnum
490 1832 535 1894 vel
557 1832 689 1893 dedecus
710 1832 819 1894 iulerat
840 1833 893 1905 illi,
995 1846 1047 1896 3⁷0

120 1916 274 1978 illalumus
294 1925 362 1977 ante
384 1919 461 1977 meri
484 1935 571 1995 quam
595 1916 655 1977 duo
677 1917 754 1979 dicta
776 1918 847 1997 pati.

77 2000 141 2062 Rex
167 2000 309 2062 Helenam
331 2000 439 2068 redde;
463 2009 584 2079 pacatae
606 2019 708 2063 ramus
730 2001 824 2061 olivae

119 2085 173 2145 Sic
195 2086 273 2145 inter
295 2086 441 2146 Graecum
465 2093 523 2144 stet
544 2084 766 2166 Phrygiumque
788 2085 896 2147 locum.

78 2168 120 2230 lle
142 2168 264 2230 Paridis
285 2168 393 2248 praeda
417 2187 476 2229 nen
499 2180 545 2230 est
566 2169 640 2230 mihi
663 2172 774 2231 mentio
796 2177 886 2240 tanta,
978 2228 981 2234 i

119 2252 195 2314 Cum
219 2261 318 2314 tamen
341 2253 414 2314 haec
437 2256 543 2314 merito
564 2253 749 2315 restituenda
772 2255 861 2314 leret.
994 2265 1045 2315 375

79 2337 219 2399 Dedecus
242 2340 363 2398 omnino
385 2346 480 2407 taceo,
503 2338 575 2416 quid
598 2340 726 2398 amarius
749 2338 829 2397 omni

121 2422 178 2482 Est
199 2421 327 2482 damnoi
350 2431 463 2482 tanturn
486 2421 607 2482 loedere
629 2421 712 2500 pacis
732 2439 814 2482 amo.¹

79 2505 109 2564 Si
133 2507 217 2575 lacis,
241 2505 315 2567 llaec
337 2504 471 2566 volumus
493 2514 624 2567 extrema
647 2506 760 2584 pellere
782 2502 865 2573 cella,

123 2591 208 2661 Quae
232 2590 288 2650 luit
310 2590 433 2651 ulterius
456 2588 561 2650 linrica
583 2607 669 2670 passa
692 2590 812 2651 domus:

80 2671 107 2732 Si
130 2676 245 2741 minus:
270 2685 313 2734 est
335 2677 453 2735 animus
476 2673 556 2755 robis
579 2674 731 2734 eliundere
754 2676 841 2734 vitam
994 2686 1046 2735 380

119 2761 177 2817 dut
200 2775 254 2817 nos
278 2776 313 2818 ex
335 2761 392 2818 vita
416 2757 534 2817 tradere
556 2768 679 2836 propter
702 2776 776 2819 eam.

80 2839 115 2900 Ul
134 2842 286 2902 modicum
310 2844 402 2903 tacuit
423 2841 568 2908 Priamus,
592 2842 749 2902 subduxit:
778 2841 891 2903 Ulixes!

119 2923 240 2986 Promta
264 2928 342 2986 seris
364 2925 463 2995 verba,
488 2933 558 2986 lune
582 2929 696 2987 vocaris
714 2926 769 2985 ital

32 3076 33 3095 Χ
80 3006 197 3069 Promta
220 3009 352 3086 quidem,
376 3010 428 3069 sed
451 3020 548 3069 comta
571 3011 669 3070 minus
691 3018 722 3069 tu
745 3011 928 3088 proposuisti

143 3178 202 3227 357.
229 3192 265 3227 ex
282 3177 407 3241 margine
431 3192 480 3241 pro
502 3177 621 3241 simplici
646 3175 758 3242 „quid“.
828 3178 885 3228 367.
916 3196 950 3231 ex
972 3197 1043 3231 mar·

79 3239 139 3303 gine
158 3258 207 3308 pro
226 3243 316 3295 altero
334 3258 409 3304 suos,
427 3244 509 3298 viros.
578 3246 637 3294 372.
659 3248 778 3309 pacatae
798 3260 832 3293 ex
850 3248 974 3312 margine
992 3264 1041 3313 pro

78 3306 210 3367 placatae.
252 3310 304 3365 Or.
328 3327 362 3360 ex
390 3311 470 3361 Pont.
497 3312 520 3370 1,
545 3313 567 3369 1,
592 3314 633 3362 31.
668 3315 786 3376 pacatae
815 3327 907 3362 ramus
937 3315 1039 3365 olivae.

79 3373 132 3429 380.
158 3379 239 3428 nobis
264 3393 314 3442 pro
342 3376 428 3427 codic.
454 3377 541 3430 vobis.
580 3378 704 3429 Imitatio
727 3377 827 3443 Virgil.
851 3381 919 3429 Aen.
943 3380 971 3443 1,
993 3383 1041 3433 103

79 3444 177 3507 tuaque
195 3445 316 3495 animam
335 3444 407 3495 hanc
426 3443 566 3495 effundere
584 3444 692 3498 dextre.

805 3526 842 3577 4*
