2509 3917
493 186 555 239 Lib.
575 190 608 241 V.
639 203 664 242 v
682 187 825 237 bil-556.
1084 183 1145 248 149

174 335 302 406 Diceris,
326 338 454 437 hospitia
478 339 577 420 Stygis
600 349 633 401 ut
654 343 770 401 laceres
792 342 887 416 magis
909 338 1017 419 ampla,

221 420 301 482 Olim
324 424 521 502 primigerum
543 431 576 485 tu
598 423 724 484 subiisse
747 423 856 485 locum.

293 619 559 687 [PEN'I'HESILEA
576 620 813 686 ALLOQUITUR
829 620 1031 691 PYRRHUM.]

175 757 354 822 Transierat
376 761 507 822 medium
530 770 595 822 rota
617 760 690 822 solis
711 762 846 822 flammea
870 762 1022 832 muudum,

221 842 362 922 Pugnans
383 844 481 907 stabat
503 845 600 906 adhuc
621 845 734 907 fervida
756 845 874 907 llamma
897 846 1001 905 sirum.

172 925 440 990 Innumerabiliter
461 929 637 1009 Danaosque
659 929 849 1009 Phrygasque
872 931 966 989 ruisse

220 1010 356 1074 Pondere
378 1013 525 1075 bellorum
549 1013 736 1075 Penthesilea
759 1014 850 1088 videt,

174 1093 214 1162 Et
236 1099 305 1175 qnia
329 1100 481 1176 virgineus
503 1101 653 1160 exercitus
674 1117 756 1160 anua
780 1097 911 1159 valenter

221 1179 359 1252 veheret,
383 1183 413 1243 in
436 1181 581 1261 Pyrrhum
605 1183 673 1244 talia
697 1182 786 1243 verba
807 1183 891 1261 jacit:

174 1263 211 1324 ln
234 1269 349 1345 eampis
371 1267 482 1345 agitare
507 1268 586 1327 ierus
610 1277 639 1327 te
661 1267 788 1348 Pyrrhe!
811 1267 928 1346 putasti,

220 1347 274 1409 Hie
298 1352 381 1429 quasi
406 1368 508 1413 musca
530 1352 586 1412 levi
609 1353 648 1411 sit
670 1352 813 1430 capienda
836 1368 934 1412 manu.

173 1432 244 1493 Non
267 1452 343 1512 puer
363 1433 413 1495 hio
435 1431 553 1515 lepores
575 1435 741 1503 venaberis,
765 1439 857 1495 immo
878 1435 997 1507 leones;

219 1515 273 1577 Est
294 1516 380 1598 lepus
401 1518 450 1579 illa
474 1519 519 1579 vel
541 1519 615 1580 haee
638 1520 786 1580 foemina?
808 1536 908 1579 nonne
930 1517 996 1582 leo?

173 1600 321 1663 Poemina
343 1603 518 1668 credideris.
564 1603 710 1665 Occurret
733 1603 860 1663 foemina
884 1603 1017 1682 Pyrrho?

220 1683 287 1745 Non
310 1688 362 1748 sed
388 1689 446 1757 vir;
470 1685 578 1748 mulier
599 1687 695 1747 induit
717 1685 765 1747 illa
788 1687 894 1747 virum.

172 1770 214 1830 lit
235 1771 264 1829 vi
286 1773 405 1833 virtutis
427 1774 485 1833 erit
505 1770 554 1832 illa
578 1774 624 1833 vir
646 1780 676 1832 et
697 1772 782 1851 quasi
804 1772 831 1831 vi
856 1774 907 1841 vir,

220 1853 271 1914 Vir
293 1874 413 1936 quoque
437 1874 496 1917 non
520 1856 594 1927 vilis,
619 1860 711 1917 immo
734 1856 832 1917 virilis
850 1860 917 1918 erit.

171 1937 319 1999 Foenriua
342 1942 404 2001 slve
427 1943 472 2002 vir
496 1943 544 2003 es?
567 1941 617 2003 hie
639 1943 665 2001 sl
686 1942 730 2001 vir
754 1960 794 2010 es,
819 1959 908 2001 erere
933 1943 1008 2003 vires
1079 1963 1093 1984 ·

218 2023 302 2083 llaec
324 2027 383 2085 erit
405 2025 435 2085 in
458 2026 485 2084 vi
509 2044 574 2093 res;
598 2024 707 2085 robore
730 2043 829 2086 nonne
853 2027 948 2086 vires?

174 2104 246 2168 Non
269 2115 302 2169 tu
325 2109 488 2170 foemineas
510 2109 655 2178 imbelles,
678 2112 769 2172 immo
792 2108 921 2169 rebelles

217 2190 356 2253 invenies
379 2203 408 2254 et
430 2212 490 2254 non
513 2193 624 2274 absque
647 2195 748 2272 vigore
769 2211 885 2254 marrus.

172 2271 254 2343 Seis
278 2277 357 2353 quod
379 2296 439 2337 non
463 2277 553 2338 debet
575 2278 681 2357 pelago
704 2296 737 2338 se
759 2277 893 2346 eredere,
916 2279 940 2338 si
963 2297 1020 2357 qua

217 2357 346 2421 Audet'
338 2379 368 2421 rn
392 2363 500 2440 exiguo
522 2361 626 2422 ludere
651 2361 745 2423 cimba
767 2361 843 2421 lacu

91 2504 94 2509 ,
171 2442 210 2503 Si
231 2462 280 2504 ine
302 2447 457 2524 respicies,
482 2446 575 2506 fortes
597 2446 740 2506 invadere
762 2447 849 2506 lortis

218 2526 356 2590 Forsitan
380 2529 524 2608 exemplis
545 2531 729 2591 instruerere
751 2533 834 2590 meis.

168 2611 301 2688 Ignaros
324 2617 429 2690 agitas,
452 2618 484 2675 in
508 2632 555 2673 me
578 2613 728 2684 converte,
752 2614 859 2675 valoris

219 2695 251 2756 Si
274 2697 347 2776 quid
371 2697 473 2768 habes,
498 2706 527 2759 et
550 2699 622 2776 quid
643 2701 704 2759 sint
725 2698 788 2759 tera
810 2698 888 2760 bella
911 2702 1000 2762 scies.

168 2780 217 2842 lle
239 2784 340 2859 pretio
363 2783 433 2843 vieti
456 2782 567 2861 pendet
589 2784 725 2851 victoria;
748 2786 842 2845 vietor

217 2865 332 2925 Tantus
355 2867 420 2935 erit,
444 2869 514 2927 victi
537 2864 632 2942 gloria
654 2876 762 2945 quanta
785 2870 852 2933 luit.

165 2948 220 3010 Me
242 2957 322 3028 pete,
346 2956 410 3010 teve
432 2952 546 3029 petam!
580 2950 631 3011 Sie
653 2951 731 3011 latur
754 2959 781 3010 et
805 2971 875 3012 eece
898 2961 1037 3030 potenter
1089 2962 1140 3013 555

215 3033 378 3111 ngreditur
399 3032 557 3112 Pyrrhum,
580 3038 676 3112 tangit
698 3042 728 3095 et
750 3039 833 3113 augit
855 3054 932 3098 eum.

164 3220 377 3230 0——

240 3338 301 3387 528.
322 3333 415 3386 Schol.
434 3334 488 3383 foe
506 3335 644 3388 mundum
697 3341 757 3389 543.
776 3339 883 3403 Margo.
901 3340 1003 3392 vires?
1021 3340 1141 3405 Pyrrhel

162 3405 291 3458 54148
312 3401 391 3455 ovid
410 3400 494 3455 Trist
512 3402 1142 3471 11311130.153.54.Αηοη]ω.Νονει

161 3490 197 3539 p.
217 3469 422 3521 thenneso
441 3468 525 3524 infra,
624 3495 628 3500 ·
