2509 3917
422 206 484 257 Lib.
504 208 556 262 111.
592 223 618 257 v.
639 209 784 259 iao-too.

116 359 241 419 Postera
264 356 313 418 iux
335 358 439 420 tacitas
462 369 495 418 nt
515 360 646 435 primum
670 357 784 438 depulit
806 358 935 427 umbras,

161 442 318 520 ssepeiinut
340 460 459 503 omnem
482 441 586 503 heilica
609 444 694 519 signa
716 461 841 504 moram.

116 526 193 588 Tota
216 544 307 606 snper
329 536 425 587 castra
448 525 557 603 clangit
579 544 632 587 rex
647 526 792 588 Graecus:
817 530 870 596 „in
888 529 1007 589 arma“!
1037 536 1086 586 115

160 609 289 671 Ensibus
311 609 481 688 Argolicum
504 613 635 687 cingitur
657 629 746 671 omne
768 628 872 689 genus.

116 697 288 773 Erumpunt
309 712 421 764 omnes,
444 704 477 755 ut
500 703 568 756 eant
590 697 622 754 in
644 695 768 774 proelia,
791 695 904 764 Troes3

161 780 236 840 Cum
258 796 332 839 cane
354 775 485 841 custodit
505 796 609 839 servus
632 789 662 840 11
683 798 735 840 ava
757 779 846 839 iares.

116 864 273 942 Respicies
294 863 395 924 hostes
418 865 502 943 qnasi
525 871 625 924 torvos
648 870 726 924 stare
750 863 851 925 leones

160 947 198 1006 Et
220 949 305 1025 quasi
329 947 454 1008 distorto
476 945 590 1009 iumine
611 948 692 1007 terre
714 949 819 1008 minas.
1035 953 1086 1005 140

116 1029 301 1108 Giangebant
322 1029 416 1104 lituis,
441 1030 528 1093 tetius
549 1032 624 1092 irata
648 1029 802 1109 reciangit‚

160 1114 277 1193 Ungula
298 1117 484 1194 suppositum
507 1117 595 1176 vertit
617 1117 724 1194 equina
746 1114 853 1177 scium.

116 1201 243 1277 Agmina
266 1210 457 1268 concurrunt,
480 1200 594 1260 clamor
616 1198 791 1261 conscendit
813 1200 849 1261 ad
872 1209 951 1261 astra

161 1286 238 1344 Aere
261 1300 416 1354 concusso,
439 1293 549 1360 strage,
572 1284 702 1361 ir'agore,
725 1302 809 1344 sono.

116 1366 261 1429 Teiorum
283 1365 407 1428 volitant
429 1369 546 1429 cunctis
568 1386 584 1428 e
607 1366 744 1447 partibus
765 1365 887 1436 imbres,
1037 1376 1086 1424 145

60 1480 71 1499 ο
162 1452 263 1513 Gentis
285 1461 316 1512 et
336 1449 443 1530 gladiis
469 1470 527 1513 non
551 1452 640 1512 datur
663 1450 720 1512 ulla
743 1452 838 1530 quies.

46 1564 48 1567 ·
116 1537 195 1608 Quot
217 1534 304 1606 maia,
327 1546 401 1614 quot
422 1536 537 1605 caedes,
560 1537 717 1604 fracturas,
741 1535 871 1605 vulnera,
896 1542 1008 1596 mortes

160 1620 239 1682 Mars
261 1618 304 1680 ibi
326 1621 469 1688 conficiat,
493 1621 560 1699 quis
582 1637 742 1680 numerare
763 1621 869 1699 queat?

122 1705 247 1765 Festum
268 1705 400 1765 festucae
424 1704 507 1772 iacio,
531 1706 557 1765 si
579 1703 659 1765 mille
682 1706 779 1765 ruisse

165 1788 284 1857 Dixere,
307 1791 331 1848 si
355 1787 446 1850 muita
470 1788 561 1849 mittin
584 1787 674 1850 verba
698 1789 770 1849 iero.
1039 1795 1088 1845 too

117 1872 266 1953 Quicquid
289 1874 319 1932 in
342 1872 415 1933 orbe
437 1873 512 1952 legis
535 1870 606 1933 beili
627 1873 774 1951 vertigine
797 1872 916 1940 iactum,

163 1956 257 2037 liujus
274 1956 316 2033 ¹ad
337 1958 478 2018 intuitum
502 1958 590 2018 crede
613 1957 703 2018 fuisse
726 1975 842 2035 parum.

117 2042 253 2119 Corpora
275 2047 364 2102 strata
386 2041 538 2120 jacentia
562 2042 715 2119 sangnine,
739 2044 861 2118 sanguis
883 2039 1025 2109 abundat,

163 2126 322 2203 Sanguinis
343 2128 374 2186 in
397 2127 462 2187 rivo
484 2124 618 2186 membra
641 2134 757 2187 resecta
780 2131 883 2186 natant

119 2211 282 2286 Sanguinis
304 2209 335 2268 in
358 2210 446 2270 linrio
468 2216 646 2288 merguntur
667 2227 793 2289 corpora
816 2207 916 2274 muita,
1037 2214 1086 2263 155

163 2295 279 2354 Mortua
301 2310 378 2370 quae
401 2303 562 2362 consoni,
585 2294 637 2356 111
661 2296 814 2362 moritura,
837 2292 956 2358 cadunt,

119 2377 185 2439 Nox
208 2395 339 2456 pugnam
362 2378 484 2445 dirimit,
507 2379 560 2438 sed
583 2397 649 2438 eam
673 2377 721 2438 iux
744 2386 808 2437 orta
831 2375 958 2449 reducit,

163 2462 228 2523 Nox
249 2463 357 2523 iterum
380 2463 502 2532 dirimit,
527 2461 593 2523 inne
615 2470 736 2540 patente
758 2462 851 2527 redit:

118 2546 222 2608 Tertia
244 2563 302 2607 uox
325 2545 445 2616 dirimit,
468 2547 615 2608 seditem
638 2544 687 2607 iux
710 2552 774 2605 orta
797 2543 923 2612 reducit,

126 2638 130 2646 ’
163 2628 275 2700 Quarta
296 2647 355 2691 uox
377 2631 492 2692 dirimit
515 2632 580 2692 luce
602 2638 723 2709 patente
745 2629 834 2690 redit.
1039 2634 1089 2684 tto

119 2715 170 2775 Sic
192 2715 305 2793 quinto,
329 2716 372 2774 sic
394 2725 424 2776 ct
446 2723 538 2783 sexto,
562 2716 606 2777 sic
627 2715 763 2794 septimo,
787 2715 888 2792 sicque

163 2798 284 2867 Octavo
306 2816 386 2859 nono
407 2801 450 2859 sic
473 2802 562 2860 etiam
586 2799 711 2860 decimo.

119 2874 216 2943 immo
238 2881 284 2944 bis
307 2882 423 2944 decimo
445 2893 551 2963 qnater
572 2886 654 2945 inter
676 2880 869 2961 multiplicato

164 2967 300 3027 Primum
323 2969 447 3028 cessavit
469 2968 558 3028 effera
583 2984 682 3047 pugna
706 2966 764 3028 die.

120 3050 278 3130 Octoginta
301 3051 422 3130 quidem
444 3053 562 3113 durarit
584 3051 778 3112 continuatim
1039 3053 1088 3105 155

163 3135 230 3197 Non
253 3137 417 3197 intercesso
439 3143 574 3216 ternpore
596 3154 697 3215 pugna
720 3134 792 3198 dies.

192 3337 542 3404 manumissorum.
608 3339 664 3391 139.
683 3337 839 3401 respiciens.
902 3333 960 3382 141.
978 3332 1089 3393 Margo:

118 3420 215 3472 pugna
233 3404 366 3468 viij
383 3404 451 3457 dier.
505 3407 562 3456 149.
575 3404 686 3468 Margo:
704 3402 822 3469 parvula
834 3401 905 3463 dieo,
925 3399 944 3447 i.
956 3412 980 3447 1.
994 3411 1090 3461 parva,

118 3474 232 3523 festuca
250 3475 294 3523 est
313 3486 357 3523 res
374 3470 529 3523 levissima.
600 3474 658 3521 154.
676 3476 766 3522 natat.
836 3469 894 3519 159.
912 3465 1005 3515 tertio.
