2509 3917
166 155 210 219 40
496 156 559 206 cru.
578 156 615 207 11.
651 172 676 207 v.
695 157 805 207 er-sa.

170 307 327 372 Blanditiis
349 316 413 370 erat
434 309 561 386 insignis
584 326 680 376 seror,
703 324 757 368 ure
778 306 889 387 pusillo

208 392 349 463 Pulchra,
372 410 489 463 serena,
512 392 634 461 decens,
657 390 849 469 simplicitate
870 392 984 470 rigens.

171 477 261 540 Laeta
284 476 443 554 supercilia
465 474 567 537 notula
589 475 739 536 mediante
763 483 873 545 notata,

210 562 294 622 biens
315 562 423 624 lasciva
445 560 513 631 luit,
537 559 670 622 membra
693 560 803 621 decora
826 559 904 621 tulit.
1108 571 1146 619 ao

432 721 550 780 bouus
571 721 865 778 DESCRIBUNTUB.

130 873 134 879 -
170 830 235 892 Rex
255 829 317 890 ibat
338 829 474 892 Priamus
496 829 628 909 aquilino
652 845 780 907 corpore
801 846 936 906 magnus,

210 912 299 974 Vultu
321 913 448 992 pulcher
469 923 545 984 erat,
568 915 699 974 suaviter
721 930 774 973 ora
796 931 933 982 moseum

166 997 278 1058 Hector
300 1008 366 1059 erat
389 998 516 1078 crispus,
539 996 686 1058 membris
707 996 890 1074 pernicibus,
913 996 1009 1068 albus.

214 1082 317 1142 Stabat
337 1087 555 1159 magnanimus,
578 1080 682 1142 llartis
703 1089 734 1142 et
755 1091 821 1142 arte
841 1080 970 1160 probum

169 1163 304 1238 Blaesus,
326 1165 480 1236 barbatus,
503 1164 584 1228 vultu
606 1165 794 1233 venerabilis,
817 1174 913 1243 aptus,

210 1249 242 1309 ln
266 1251 378 1329 populo
400 1250 542 1319 clemens,
565 1250 672 1327 dignus
693 1249 819 1321 bonore,
841 1250 961 1311 decens.

170 1333 266 1403 Docti,
290 1333 452 1395 clementes
473 1341 545 1396 suut
565 1331 698 1395 Helenus
718 1332 951 1414 Deiphobusque

211 1417 307 1499 Saepe
328 1418 405 1479 solet
426 1420 533 1481 similis
554 1417 634 1479 tilius
656 1436 723 1479 esse
744 1419 833 1497 patri.

168 1501 218 1563 Sic
240 1509 269 1562 ct
292 1512 380 1564 erant
400 1505 459 1572 isti,
482 1503 602 1565 lucrant
623 1520 742 1582 quoque
763 1519 891 1581 corpure
911 1503 1021 1579 magni,

210 1585 355 1657 Formosi,
378 1587 458 1648 soliti
479 1589 580 1648 suavia
602 1586 694 1647 verba
712 1585 805 1663 loqui.

165 1668 290 1747 Magnus
311 1679 376 1731 erat
396 1667 525 1740 Troilus,
548 1672 646 1749 fortis,
669 1668 899 1750 pulcherrimus,
921 1688 1002 1746 acer,

210 1753 335 1814 Virtutis
357 1753 482 1833 cupidus
504 1762 535 1814 et
556 1755 621 1815 siue
643 1753 727 1815 faece
750 1752 855 1815 bonus.

167 1836 288 1914 Longus
309 1835 477 1898 Alexander
498 1845 529 1898 et
551 1837 703 1909 candidus,
722 1857 779 1898 ore
801 1844 939 1908 venusto,

209 1922 315 1997 Aptus,
337 1922 492 1992 facundus,
515 1920 677 1984 ambitione
700 1921 809 1990 calens,

167 2004 304 2067 Pulchris
326 2005 461 2067 stellatus
482 2005 587 2077 oculis,
610 2006 752 2086 mollique
773 2003 884 2083 capillo

209 2087 396 2160 Flavescens,
418 2091 500 2151 suavi
523 2108 595 2151 voce
616 2089 764 2170 loquenda
786 2089 924 2169 loquens.

167 2171 374 2233 Andromache
397 2176 517 2253 sapiens
538 2175 739 2254 formosaque,
762 2172 861 2253 longa,
884 2174 1020 2234 modesta

209 2255 247 2317 Et
268 2256 395 2318 rutilans
417 2257 521 2329 oculis,
545 2258 682 2334 candida,
705 2255 814 2320 blanda
836 2259 917 2319 satis

168 2339 314 2411 Pacturae
336 2340 495 2405 mediocris
517 2352 583 2405 erat
604 2342 781 2419 Cassandra,
802 2341 932 2404 rotundo

209 2423 280 2506 Ore,
301 2429 416 2488 micans
437 2427 541 2499 oculis,
563 2429 642 2496 ruia,
665 2426 805 2506 benigna,
828 2428 904 2495 scia:

169 2508 307 2570 Praescia
330 2527 417 2587 quarn
439 2511 538 2572 iuerat
558 2512 676 2572 venturi
699 2529 759 2571 nun
782 2510 907 2587 iterabo,

209 2591 295 2662 Quod
318 2593 410 2654 semel
432 2595 566 2663 audistis,
590 2604 635 2655 est
656 2598 798 2657 recitasse
821 2597 904 2655 satis.

167 2673 306 2746 Candida,
329 2678 460 2738 formosa
482 2679 638 2757 formaque
660 2677 799 2740 Polixena
822 2679 920 2756 longa,

209 2758 269 2820 llos
291 2771 390 2821 rectos
412 2759 515 2822 oculos
537 2773 678 2842 rectaque
700 2781 788 2823 crura
810 2763 916 2843 probe.

166 2843 310 2921 Simplex,
333 2845 425 2921 larga,
449 2843 567 2911 decens.
591 2847 683 2907 ilaros
705 2865 823 2928 quoque
846 2845 933 2907 laudo
956 2844 1138 2926 capillosus

210 2927 248 2988 Et
271 2937 381 2989 teretes
404 2928 514 3007 digitos
536 2932 736 3010 exiguumque
758 2932 876 3010 pedem.

168 3010 289 3072 llccuba
312 3029 389 3092 quae
411 3013 509 3074 luerat
531 3014 663 3092 aquilino
686 3032 813 3093 corpore
834 3015 959 3094 pulchra

210 3096 309 3156 Mente
332 3098 438 3168 virum,
461 3116 606 3177 pugnans,
631 3098 746 3167 callida,
771 3108 862 3172 casta,
885 3100 942 3176 pia.

234 3299 275 3349 Ξῖ.
295 3313 405 3364 margo:
423 3298 542 3351 Helena.
611 3302 653 3351 28.
672 3315 781 3365 margo:
805 3306 938 3365 quantum
959 3298 996 3350 ad
1015 3262 1136 3351 uteric-

165 3379 224 3416 rem
240 3364 373 3421 habitum.
412 3368 455 3418 ta.
474 3366 540 3418 θοὰ.
558 3366 694 3419 modesto.
756 3369 798 3420 54.
818 3367 887 3419 Ocri.
905 3368 968 3417 hec.
1021 3368 1063 3422 56.
1083 3368 1137 3419 Or.
1250 3389 1251 3398 ¹

163 3434 218 3483 Ars
234 3431 259 3497 1,
277 3434 336 3489 622.
405 3434 446 3487 ot.
466 3434 576 3485 secund.
593 3434 728 3486 Daretem
745 3448 809 3500 pro:
829 3439 910 3486 ceste
927 3435 1010 3486 scius.
