2509 3917
185 164 227 229 90
489 165 554 218 nas.
572 165 622 217 111.
658 181 683 215 v.
702 166 847 217 amesa.

184 317 305 381 addidit
326 318 357 376 in
380 317 438 377 fine
462 317 632 377 miseranda
654 335 711 396 pro
732 335 824 397 prece
848 320 943 397 patris
1109 326 1161 376 555

227 401 382 464 Aeacidem
406 402 496 462 iuuus
517 402 686 461 restituisse
709 403 798 480 patri.

185 486 254 550 Sole
277 486 414 547 trahente
435 484 524 554 diem,
548 484 679 562 depulsis
701 486 832 568 undique
856 484 959 554 stellis,

228 571 366 633 Memnon
387 569 463 631 belia
486 569 619 650 Phryges
642 567 678 630 ad
701 570 832 633 rediviva
855 570 956 639 trahit,

185 657 245 729 Sic,
269 672 307 715 ne
328 652 505 733 perdiderit,
528 671 589 715 non
612 663 708 715 cessat
730 654 858 734 perdere
880 653 979 716 lusor:

228 741 265 801 Et
287 746 406 799 revocat
428 737 550 817 cupidas
573 738 609 797 ad
633 756 686 799 sua
708 737 817 801 damna
838 756 956 800 manus.
1108 746 1161 794 570

184 825 245 885 Pax
268 823 365 901 piacet
386 823 517 891 Atridae,
541 824 634 883 mittit
654 841 711 901 pro
733 842 807 904 pace
828 822 974 903 peteuda3

229 908 289 968 Pax
312 906 398 968 datur
423 914 452 967 et
473 924 592 968 menses
615 906 703 969 duret
726 916 757 970 ut
779 906 830 968 iila
852 909 936 969 duas.

185 993 301 1053 interea
325 992 432 1061 studio,
457 990 521 1051 deri
543 1008 602 1070 quo
626 990 739 1060 debuit,
762 1009 868 1053 omnes

228 1076 364 1137 Officium
386 1075 488 1136 stratis
510 1075 664 1153 exequiale
687 1074 806 1137 dabant.

182 1157 335 1228 Quaedam
351 1177 420 1220 vero
436 1168 577 1228 cremant,
595 1169 626 1222 et
640 1159 786 1240 quaedam
801 1178 927 1241 cerpora
942 1157 1089 1226 tumbant,
1105 1166 1156 1215 575

227 1242 378 1305 Pianando
402 1261 524 1322 campos
546 1242 581 1304 ad
605 1263 680 1305 nova
703 1242 781 1306 belia
804 1251 921 1325 pareat.

426 1421 489 1479 HIC
506 1423 654 1515 HEQTOR
672 1423 910 1479 TUMULATUR.

182 1548 314 1609 Hectore
337 1545 452 1626 dejecto
475 1544 637 1606 lamentum
661 1545 768 1606 Troica
792 1546 887 1625 pubes
1024 1616 1027 1621 ,

228 1632 265 1692 Et
287 1628 446 1708 planctum,
470 1630 561 1709 Troja
583 1632 622 1691 sit
644 1634 713 1710 quia
736 1630 839 1697 tracta,
863 1630 949 1689 ierat.

180 1716 260 1776 Ante
283 1716 364 1775 tores
385 1712 493 1793 Trojae
515 1732 623 1791 niagno
646 1716 678 1774 tit
697 1715 813 1775 honore
835 1713 1037 1793 sepuicbrum,

228 1798 284 1858 liic
306 1801 430 1859 nimium
454 1798 589 1859 lacerans
611 1799 740 1859 Teucria
763 1814 873 1876 corpus
895 1798 1007 1858 bumat.
1104 1805 1158 1854 580

183 1882 268 1942 More
290 1899 344 1942 suo
367 1882 500 1943 tumbam
524 1883 713 1944 circumdant
734 1882 862 1943 funebre
883 1881 964 1942 iudo.

229 1967 280 2028 Est
303 1966 364 2034 ubi,
389 1984 476 2046 quem
499 1967 597 2027 timuit
619 1968 765 2028 maximus
788 1965 869 2027 orbis
891 1965 1001 2025 homoi

426 2129 489 2184 mc
506 2128 727 2184 PALAMEDES
745 2128 806 2184 PIT
823 2127 906 2183 REX,

185 2251 250 2313 Non
273 2262 370 2313 cessat
392 2252 490 2313 medio
511 2250 684 2313 Palamedes
706 2258 850 2330 tempore,
874 2269 991 2312 causam

228 2335 420 2398 Praeteritam
444 2343 579 2406 renovat,
603 2336 776 2397 ambitiosus
800 2345 873 2400 erat.

185 2421 335 2483 Convocat
357 2421 405 2480 hic
428 2422 567 2501 poputum
591 2438 682 2500 super
704 2422 842 2500 imperio,
866 2422 1032 2499 recitatque
1103 2426 1158 2475 585

229 2505 350 2583 Imperii
373 2506 499 2585 cupidus
521 2506 619 2566 omnia
643 2505 721 2566 dicta
742 2507 837 2584 prius.

184 2587 266 2649 later
289 2596 409 2649 ventosa
430 2589 528 2669 plebis
550 2589 690 2668 suffragia
712 2605 806 2649 cornu

227 2672 363 2734 Ambitus
386 2674 473 2734 etiarn
497 2673 575 2734 flavit
597 2674 627 2733 in
650 2691 703 2735 ora
725 2672 843 2734 ducum.
876 2706 879 2709 ·

252 2907 311 2958 665.
328 2906 424 2957 meiius
448 2906 482 2956 ob
505 2909 620 2956 metrum
644 2923 693 2972 pro
712 2907 811 2959 Adicit.
842 2907 926 2957 -Haec
942 2910 1039 2956 narrat
1056 2905 1161 2969 Epito-

184 2978 280 3028 mator.
298 2989 325 3026 v.
344 2976 408 3025 1031
428 2988 488 3039 sqq.
557 2975 615 3025 567.
634 2975 745 3040 Margo:
763 2975 861 3039 Pugna
877 2974 916 3038 xj.
935 2972 987 3024 Ov.
1005 2974 1043 3036 11,
1064 2974 1115 3022 164

370 3068 404 3077 -
422 3067 455 3076 -
472 3044 522 3090 eut
538 3042 658 3091 medium
675 3041 732 3093 sele
750 3046 864 3092 tenente
882 3041 961 3092 diem.

182 3108 242 3159 569.
263 3109 303 3158 to.
323 3107 373 3158 Ov.
392 3108 444 3159 Ars
460 3109 519 3160 Am.
538 3110 560 3169 1,
578 3110 638 3158 451.
658 3111 690 3159 52

302 3174 358 3239 Sic,
377 3190 410 3225 ne
427 3175 586 3240 perdiderit,
605 3191 661 3225 non
680 3179 772 3227 cessat
790 3175 907 3240 perdere
924 3175 1015 3226 lusor:

336 3243 373 3293 Et
391 3247 504 3294 revocat
522 3242 637 3306 cupidas
656 3242 720 3292 alea
739 3241 844 3293 blanda
861 3256 967 3293 manue.

176 3312 241 3361 sta.
261 3312 366 3375 Margo.
401 3310 461 3360 Pax
483 3311 519 3361 vu
543 3308 658 3358 duorum
679 3324 821 3360 annorum.
846 3310 895 3360 aed
914 3324 1069 3374 perperam,
1092 3323 1161 3357 narn

182 3379 317 3429 mensium
333 3377 479 3442 legendum
500 3380 551 3427 est.
620 3378 678 3427 5⁷5.
698 3377 765 3427 Cod.
781 3391 876 3443 pupes.
946 3378 1006 3429 587.
1023 3376 1160 3440 marginis

182 3445 317 3500 scholion.
343 3446 429 3496 verba
449 3443 616 3495 ambitionis.
