2509 3917
176 180 237 245 118
479 182 542 233 Lib.
561 182 608 233 lv.
639 196 665 234 v.
684 185 828 238 tut-524.

217 332 327 393 Dilddit
351 334 511 414 oppositos,
535 333 664 396 vindicat
687 352 759 395 ense
782 334 875 395 dolos.

175 417 257 488 Quae
280 418 386 495 potuit,
409 419 496 487 lecit;
519 436 557 479 ue
579 420 622 479 nil
644 426 794 497 ageretur,
816 421 911 479 aravit

215 502 342 561 vomere
365 519 423 577 quo
447 510 578 579 poterat;
601 510 683 564 totus
704 505 827 563 inermis
850 512 924 567 erat.

97 600 102 607 ·
174 585 211 646 tt
234 588 338 646 mortis
360 603 470 664 genere
492 605 525 667 se
547 588 717 648 consolatur
739 587 871 656 honeste,
1000 590 1005 599 '
1093 594 1149 643 495

216 668 317 730 Falsos
340 687 415 748 quos
437 679 563 750 reputat,
587 687 647 732 non
669 673 734 731 sine
756 679 851 731 morte
874 679 966 732 secat.

172 753 345 814 Antilochus
364 753 447 832 juvat
467 756 635 829 Aeacidem,
660 762 837 834 contorquet
858 758 976 833 etipse

215 838 274 898 Pro
297 848 382 900 scuto
405 837 600 917 chlamydem,
624 837 738 901 distulit
758 839 827 901 inde
849 856 966 900 necem.

173 921 238 982 Non
261 928 398 1001 poterant
420 923 529 983 durare
551 922 612 984 duo
634 931 695 984 tam
718 924 838 1002 dispare
860 922 948 999 hello,

215 1006 356 1067 lactibus
378 1008 505 1067 assiduis
527 1009 631 1067 interit
653 1009 712 1067 ieta
735 1004 874 1086 chlamys.
1095 1016 1149 1066 500

173 1090 240 1151 Non
265 1099 329 1151 erat
351 1092 473 1151 armatis
495 1109 622 1170 aequum
646 1108 827 1153 concurrere
849 1092 954 1159 nudos,

215 1179 270 1234 Aut
293 1182 394 1234 contra
418 1181 515 1236 tantos
536 1176 617 1236 ferre
640 1172 736 1235 duella
759 1176 843 1235 duos.

172 1257 267 1318 Ambo
291 1258 471 1325 ceciderunt,
496 1259 669 1330 ceciderunt
693 1257 798 1329 amho;
821 1260 886 1339 quis
909 1277 1040 1337 unquam

215 1341 308 1401 Ferre
330 1330 379 1401 dili
403 1351 503 1418 posset
516 1342 594 1407 talia
617 1341 694 1411 bella
717 1344 819 1420 gigas?

174 1425 224 1485 Sic
247 1424 325 1486 cadit
346 1424 530 1495 Antilochus,
555 1429 606 1496 sio,
630 1431 683 1497 sio,
706 1428 855 1488 formosus
874 1426 1013 1497 Achilles,
1095 1437 1149 1487 505

218 1511 268 1570 Sic
289 1508 375 1570 Paris
397 1510 516 1570 infanda
539 1506 636 1572 morte
657 1511 785 1572 trucidat
805 1530 867 1571 eos.

171 1593 379 1671 projiciantur,
403 1595 452 1660 ait,
478 1595 551 1654 lraec
573 1594 658 1655 loeda
681 1596 822 1655 cadavera
846 1596 951 1662 corvis,

215 1679 282 1737 Sint
303 1677 428 1739 canibus
451 1681 556 1747 saevis,
580 1680 641 1739 sint
662 1677 802 1739 alimenta
823 1677 912 1757 lupis.

173 1761 278 1829 lmmo,
301 1763 395 1822 refert
417 1760 556 1831 Helenus,
580 1765 680 1841 potius
702 1763 865 1823 reddantur
887 1763 999 1829 amicis,
1071 1802 1075 1811 »

216 1844 281 1903 Non
305 1844 396 1905 debes
418 1844 570 1906 hominum
596 1864 717 1923 pascere
740 1865 831 1907 carne
853 1864 951 1911 canes.
1094 1856 1148 1905 510

172 1927 324 1988 Reddatur
346 1928 452 1989 [lanais
475 1929 631 1992 collectum
655 1948 764 2009 corpus
786 1929 918 1998 Achillis,

215 2011 378 2089 important
400 2016 506 2073 eastris
527 2015 709 2094 alteriusque
731 2013 825 2074 ducis.

171 2096 332 2174 Egregium
355 2095 474 2157 Priamo
495 2116 549 2157 rex
572 2097 754 2157 concedente
776 2098 968 2172 sepulchrum

214 2179 317 2257 Erigit,
341 2180 398 2239 hoo
420 2181 503 2242 strati
527 2182 629 2242 militis
652 2198 716 2241 ossa
738 2181 822 2255 tegit.

173 2264 297 2324 Graecia
321 2282 403 2324 nrore
426 2283 480 2324 suo
503 2265 594 2326 decus
616 2263 771 2343 exequiale
793 2262 970 2343 frequentat,
1093 2273 1147 2322 515

215 2348 334 2408 Fortem
357 2347 504 2426 deplorat,
528 2348 677 2426 unguibus
700 2366 750 2409 ora
774 2356 864 2408 secat.

93 2686 102 2690 ι
174 2610 322 2679 [ORATIO
343 2607 858 2761 ΔΕΑΜΕΜΝΟΝξΕῗΙΙΪΟῆΕΔΕΟΟΕ
873 2608 922 2662 DE
938 2607 1146 2664 PERGENDO

171 2850 322 2910 Convocat
343 2849 372 2907 in
395 2854 512 2908 coetum
534 2866 586 2908 rex
610 2834 754 2908 Graecos:
777 2847 932 2924 perdimur
955 2864 1061 2909 omues

214 2931 359 2993 Paulatim
381 2948 532 3010 proceres,
557 2930 680 3010 etquid
705 2947 836 3008 agemus,
860 2933 911 2992 ait.

172 3018 292 3080 Corruit
314 3015 456 3076 Aeacides
479 3016 574 3075 nostri
597 3015 705 3075 fiducia
727 3013 805 3081 belli,

216 3100 359 3162 Nolumus
382 3107 433 3160 aut
454 3098 587 3160 volumus
609 3096 750 3158 ulteriora
773 3098 875 3176 sequit
1090 3106 1145 3165 520

171 3185 227 3245 Hic
249 3202 352 3245 sumus
374 3195 403 3244 et
425 3182 524 3243 studio
547 3184 710 3242 transimus
733 3188 850 3259 tempus
872 3181 963 3250 inani,

215 3268 275 3329 Neo
297 3287 373 3347 quae
397 3268 553 3342 praeteriit
575 3266 649 3324 hora
671 3263 771 3324 redire
793 3271 899 3341 potest.

172 3351 239 3410 Non
263 3351 452 3411 discedemus
473 3365 631 3426 proceres:
656 3347 726 3423 quid
750 3347 921 3406 consulitis?
944 3348 969 3407 si

215 3434 303 3492 Forte
327 3434 551 3498 recesserimus,
575 3427 659 3506 plebs
682 3429 785 3487 vitiosa
808 3447 920 3489 sumus.
