2509 3917
175 180 219 245 24
500 183 563 237 Lib.
580 183 603 237 Ι.
638 197 663 233 v.
682 183 825 234 toa-4³4.

218 334 296 397 Rex!
319 335 407 396 decet
428 342 468 404 ut,
492 307 569 395 vires
583 303 749 413 'experiare
771 343 848 395 tuas.

176 420 248 481 Ilico
270 438 324 480 rex
346 437 401 498 pro
426 418 569 480 militibus
590 436 652 479 non
675 418 807 497 segniter
829 421 875 480 ire
1096 430 1155 479 405

218 505 378 567 Paeoniam
400 502 540 565 Paridem
563 502 809 582 Deiphobumque
828 502 924 583 jubet.

269 650 426 707 nucleus
443 649 680 707 RECITANTUR
698 649 817 706 GESTA
834 650 1053 707 ANTENORIS.

178 757 217 821 Ut
239 760 325 819 lieret
346 774 451 818 rerum
474 754 592 816 collatio
615 755 714 833 digna,
738 757 819 816 citati

220 843 253 904 ln
278 849 396 903 coetum
418 842 542 901 veniunt
564 858 636 918 rege
659 838 782 901 iubente
804 840 907 902 duces.

180 924 338 1004 Subjeetos
360 933 433 986 natu
454 924 621 1003 majoribus
644 942 710 985 esse
733 925 864 986 minores

219 1010 354 1078 blandam
378 1009 539 1069 honestatis
563 1009 631 1079 lert,
655 1010 704 1079 ait,
728 1006 778 1069 illa
801 1007 878 1071 liber
1092 1020 1152 1069 elo

175 1094 350 1174 Imperium
373 1095 470 1153 minor
492 1110 553 1154 non
578 1094 685 1153 sentiat
706 1126 758 1163 -,
781 1093 869 1154 ambo
891 1093 1039 1175 superbos

219 1177 351 1239 Solertes
373 1177 512 1238 studeant
534 1177 657 1238 exiliare
680 1179 798 1238 modos:

175 1263 281 1341 lungat
303 1263 431 1323 amicitia
455 1262 560 1331 socios,
584 1268 742 1323 consumat
764 1261 907 1324 honestus

217 1346 255 1408 Et
277 1347 354 1407 bene
378 1344 471 1407 duleis
493 1364 576 1407 amor
598 1348 628 1406 in
652 1347 898 1425 paritate-pares.

70 1429 73 1434 ’
177 1430 234 1502 Qui
257 1434 373 1514 positus
396 1430 488 1492 luerit
510 1433 682 1508 capitaneus
704 1429 851 1500 omnibus,
876 1449 935 1492 una
1096 1441 1155 1491 415

219 1516 252 1577 lu
275 1532 434 1577 commune
457 1514 552 1577 bonus
574 1517 612 1576 sit
634 1512 753 1577 socialis
775 1514 877 1575 berus.

173 1599 292 1663 Primus
313 1603 396 1662 iussa
418 1600 508 1669 lerat;
532 1609 603 1660 tuno
626 1599 832 1660 observantior
854 1601 942 1679 aequi

217 1685 265 1745 Fit
286 1685 423 1763 populus,
446 1684 556 1763 populo
579 1691 662 1762 grata
684 1692 787 1762 parata
812 1702 926 1745 manus.

175 1766 332 1847 Dapsilitas
355 1769 442 1827 etiam
465 1769 531 1845 regi
552 1767 706 1846 praeclara
731 1767 871 1829 monebat

217 1851 353 1921 Nomina,
378 1853 404 1912 si
426 1868 480 1912 sua
502 1850 553 1912 dat
575 1852 661 1911 xenia
684 1858 782 1911 mente
805 1854 877 1920 aito;
1095 1863 1155 1912 420»

177 1932 323 2014 benigrat
345 1935 484 1996 meritum
508 1934 606 1995 dantis
628 1953 722 2004 mora,
748 1936 885 2014 laetaque
906 1937 1015 2014 raptim

217 2020 323 2083 Omnia
344 2017 412 2100 plus
433 2017 529 2080 laudis
550 2019 677 2099 plusque
700 2020 814 2081 favoris
836 2018 957 2082 babent.

175 2102 333 2172 Exhibeat,
358 2105 528 2183 quicunqne
551 2106 639 2182 regit
664 2103 842 2165 documenta
866 2106 991 2176 favoris;

217 2186 265 2250 Nil
287 2186 364 2249 valet
385 2188 434 2248 hio
456 2197 564 2259 terror,
589 2187 657 2268 plus
679 2195 796 2268 optatus
818 2207 912 2249 amor.

175 2272 233 2344 Qui
254 2279 358 2342 terret,
382 2271 449 2351 plus
471 2274 535 2351 ipsa
558 2274 659 2340 timet;
681 2290 748 2334 sors
769 2275 826 2333 ista
850 2275 985 2352 tyrannis
1095 2283 1155 2332 425

219 2357 374 2428 Convenit,
397 2359 428 2417 in
443 2359 540 2419 sonus
562 2356 639 2418 absit
659 2364 691 2416 m
714 2358 778 2425 ista,
801 2365 918 2417 sonent.

176 2444 277 2519 Agnus
299 2443 329 2502 in
354 2441 491 2520 hospitiis
513 2450 543 2501 et
564 2444 603 2502 sit
624 2439 671 2501 leo
694 2440 780 2501 miles
802 2443 834 2500 in
857 2444 958 2510 armis,

218 2525 377 2603 Nunquam
400 2528 523 2586 virtutes
545 2527 662 2587 intonet
683 2526 745 2604 ipse
769 2543 846 2585 suas.

177 2609 201 2672 0
224 2627 366 2688 proceres
389 2611 471 2671 saitis
493 2610 571 2687 quod
595 2610 632 2668 sit
653 2610 717 2668 sine
740 2608 856 2670 vindice
878 2607 967 2687 longo

217 2697 239 2753 Α
262 2693 385 2754 Graecis
408 2698 478 2752 trita
501 2693 596 2771 patria
619 2698 721 2753 nostra
743 2693 866 2772 probroi
1094 2704 1153 2753 430
1238 2723 1239 2750 n

174 2778 308 2838 Antenor
330 2778 477 2856 quaesivit
498 2774 535 2836 ab
558 2775 605 2836 bis
626 2780 822 2838 transmissus
844 2785 873 2838 et
896 2797 912 2838 a
936 2796 993 2847 me,

218 2859 332 2923 Vellent
355 2858 480 2921 emenda
503 2861 529 2921 si
552 2862 668 2922 variare
690 2860 811 2941 probra.

174 2945 239 3016 llio,
263 2943 344 3005 velut
366 2962 381 3004 a
405 2943 493 3004 nobis
516 2954 681 3024 acceperat,
705 2947 804 3023 arguit
826 2947 920 3024 Argos

218 3024 368 3110 Expositis
391 3026 493 3107 spoliis
516 3030 699 3109 interituque
721 3031 831 3111 patris;

241 3198 301 3247 417.
321 3193 470 3246 Claudiani
492 3202 536 3247 est
559 3197 595 3247 ad
611 3198 652 3247 IV
671 3210 748 3250 cons.
772 3196 873 3247 Honor.
893 3198 951 3248 296.
972 3200 1014 3251 97.
1083 3201 1147 3250 419.

175 3280 209 3315 ex
234 3264 373 3329 margine,
397 3263 458 3314 eod.
477 3265 617 3316 manebat.
686 3265 745 3313 420.
764 3279 797 3312 ex
815 3265 951 3329 margine,
974 3281 1022 3330 pro
1042 3267 1148 3329 „nimia

173 3332 291 3382 mente“.
360 3333 419 3384 430.
439 3347 454 3380 e
477 3332 600 3396 margine
618 3346 668 3395 pro
684 3329 791 3380 eodiois
808 3329 871 3381 t'ra.
940 3334 1001 3384 432.
1020 3332 1148 3385 emenda.

172 3399 340 3516 tspatisfaetim
359 3398 453 3450 differt
472 3415 489 3449 a
506 3397 616 3461 mulcta,
635 3394 815 3461 (praeiudici,
835 3399 940 3450 emend.
961 3401 1035 3465 parti
1047 3400 1147 3451 laesae

191 3471 261 3517 atur.
701 3487 703 3492 ’
