2509 3917
216 196 279 261 132
548 200 611 254 Lib.
630 200 661 250 V.
697 216 722 251 v.
740 203 849 256 ro-so.

256 350 319 411 lllic
343 351 421 411 Mors
444 350 551 412 dubius
574 351 688 420 militat,
712 353 822 433 hicque
844 354 954 415 Venus.
1151 368 1179 415 ao

217 434 353 513 Pingitur
375 436 405 495 in
429 434 503 496 solio
526 436 621 497 Ninus
642 454 696 497 rex
719 440 910 517 Assyriorum

259 518 422 581 intendens
443 527 538 580 totum
562 520 656 581 llarte
680 521 802 583 domare
824 521 935 594 solum;

218 603 342 664 Romam
366 621 464 681 pugna
487 606 562 682 petit
584 604 634 665 lric
657 624 751 667 annos
774 607 855 666 mille
878 615 1040 678 trecentos

257 687 339 758 Quae
363 691 491 765 spatium
515 690 614 765 posuit
635 689 719 750 urhis
743 700 772 751 et
794 689 878 751 orbis
899 691 989 753 idem.

218 771 306 842 Vicit,
330 790 419 852 quem
443 776 540 834 tenuit
562 772 751 835 Zoroastrem
774 774 892 835 Bactria
916 793 1029 854 regem,
1150 788 1177 835 25

257 854 314 925 Qui
336 858 452 934 magica
474 859 591 936 primus
613 857 718 920 doctor
741 862 770 918 in
794 867 859 919 arte
880 860 944 921 luit.

215 939 271 1001 Hic
294 939 419 1001 rubeum
443 942 542 1002 videas
566 959 647 1002 mare
670 942 806 1014 rubrum,
828 944 930 1005 littora
953 945 1040 1024 cujus

256 1024 439 1102 Expugnans
463 1025 557 1085 Ninus
579 1035 694 1104 pugnat
716 1027 752 1088 od
776 1045 871 1106 usque
894 1028 1035 1107 Scythas:

215 1109 326 1170 Gentes
348 1111 521 1170 innumeras
544 1119 709 1190 superatas,
734 1112 813 1172 lrunc
835 1122 1037 1192 superantem,

257 1192 430 1254 Destructas
452 1193 553 1264 urbes,
578 1194 676 1256 diruta
699 1203 795 1257 castra
820 1197 910 1257 ntes.
1149 1208 1177 1255 to

213 1276 251 1337 Et
275 1277 394 1338 tandem
418 1287 589 1355 praesentat
612 1297 679 1338 eum
703 1282 817 1341 cortina
841 1282 946 1359 sagitta

257 1360 441 1441 Trajectum
466 1365 600 1423 moriens
622 1365 767 1441 sanguine
787 1366 883 1442 pingit
906 1366 1042 1427 humum.

215 1445 391 1507 Semiramis
414 1445 549 1507 succedit
572 1449 610 1517 ei,
635 1451 800 1526 reginaque
822 1449 937 1510 celsum

256 1530 311 1590 llic
333 1528 416 1591 subit
438 1531 592 1591 aurivomo
615 1532 694 1610 picta
717 1532 819 1593 colore
842 1532 994 1598 tirrenum.

215 1613 306 1693 Cujus
327 1622 360 1674 ut
381 1614 455 1674 lraec
477 1632 603 1693 regnum
626 1618 669 1675 sic
691 1619 798 1676 sumsit
820 1626 851 1676 et
874 1619 965 1677 eilera
989 1616 1104 1680 bellum
1149 1627 1177 1674 aa

256 1698 349 1758 lmmo
371 1717 477 1759 manus
500 1701 590 1760 armis
614 1698 719 1760 extulit
740 1699 789 1761 illa
812 1704 914 1780 magis,

215 1781 305 1843 ludos
326 1784 441 1852 invasit,
466 1784 588 1853 domuit,
612 1786 725 1844 servire
748 1787 860 1862 coegit;

256 1866 370 1926 Rosea
393 1867 510 1928 diverso
532 1871 612 1947 picta
637 1866 737 1929 colore
758 1870 829 1930 luit.

219 1948 410 2011 Praeteream
436 1952 512 2030 quod
535 1960 657 2032 praeter
680 1970 743 2012 eam
767 1970 827 2013 nou
851 1953 961 2013 indidit
981 1952 1066 2020 ludis

258 2034 291 2093 lu
315 2044 377 2095 toto
401 2034 511 2095 mundo
535 2036 610 2097 bella
634 2054 690 2098 nec
712 2054 790 2097 rrnus
811 2038 911 2098 horno.
1149 2046 1177 2092 4⁰

216 2117 341 2196 Magnus
364 2118 531 2180 Alexander
554 2122 646 2180 tutius
668 2119 794 2181 malleus
816 2121 897 2181 orbis

261 2201 350 2263 Solus
373 2213 402 2263 et
424 2202 498 2263 haec
520 2204 627 2265 mulier
650 2204 729 2263 hunc
752 2204 895 2266 domuere
917 2207 1027 2266 locum.

218 2286 301 2348 Bella
323 2296 439 2367 patent,
462 2287 515 2349 sed
538 2295 635 2349 scorta
660 2288 762 2360 latent,
785 2307 856 2367 pars
878 2292 1004 2360 maxima
1027 2307 1130 2350 rerum

258 2371 454 2442 Ollendetssi
477 2390 535 2432 non
558 2373 702 2435 interiora
724 2383 819 2450 tegas,

215 2456 272 2517 Sed
296 2456 451 2516 Treverim
475 2458 591 2534 pictura
615 2456 702 2525 levat,
727 2476 813 2535 quam
837 2456 965 2519 Trebata
989 2458 1096 2519 fundat
1151 2465 1179 2512 ti

281 2676 314 2723 23
332 2689 373 2737 sq.
396 2674 527 2724 Narratio
546 2674 689 2725 invenitur
707 2674 781 2740 apud
799 2676 878 2726 Oros.
897 2675 994 2726 histor.
1012 2676 1035 2737 1,
1058 2677 1084 2738 2,
1104 2688 1178 2740 quem

116 2751 120 2757 '
214 2744 309 2790 noster
332 2755 387 2790 non
405 2740 488 2805 plane
511 2740 667 2805 intellexit,
691 2747 765 2792 certe
789 2743 940 2793 obscuriori
958 2742 1081 2793 dictione
1106 2742 1180 2806 gari-

215 2821 262 2857 aus
282 2814 337 2869 est,
365 2808 412 2858 ubi
432 2806 510 2858 Oros.
528 2808 702 2874 simpliciter:
734 2814 801 2859 ante
831 2824 917 2860 annos
941 2810 1026 2860 Urbis
1055 2809 1182 2860 conditae

213 2874 290 2925 mille
312 2879 453 2936 trecentos
475 2874 563 2925 Ninus
586 2892 635 2925 rex
653 2876 746 2942 Assyr,
765 2881 819 2927 etc.
856 2876 971 2928 Orosius
988 2878 1010 2938 1,
1028 2879 1045 2927 4
1063 2882 1092 2928 et
1110 2875 1146 2937 Π,
1166 2876 1179 2924 3

213 2956 273 3006 sqq.
302 2941 352 2992 has
376 2941 507 2994 historias
525 2948 632 3005 narrat,
660 2959 729 3007 quas
747 2943 793 2993 hic
811 2946 901 3009 pictas
919 2951 1070 2999 enumerat.
1141 2943 1181 2991 at.

215 3007 352 3065 Scholion.
374 3011 522 3060 Zoroastes
545 3011 674 3074 regnavit
695 3013 724 3060 in
747 3012 876 3072 Bactria,
901 3012 949 3076 qui
965 3012 1094 3077 magicae
1117 3009 1182 3060 artis

215 3078 347 3127 inventor
360 3078 459 3127 iuerat.
494 3078 536 3128 28.
549 3076 614 3127 Ood.
626 3076 728 3140 jubeas
742 3094 791 3129 nos
803 3078 910 3128 videas.
948 3082 989 3148 329.
1004 3079 1120 3130 Orosius
1130 3078 1148 3127 l.
1160 3090 1179 3123 c

214 3142 310 3209 „Indis
334 3159 442 3209 quoque
463 3143 562 3194 bellum
585 3144 694 3203 intulit,
722 3161 775 3210 quo
795 3152 905 3210 praeter
922 3145 999 3195 illam
1018 3153 1046 3196 et
1064 3146 1180 3195 Alexan·
1232 3205 1233 3212 ἵ

214 3211 292 3260 drum
310 3210 441 3277 Magnum
459 3210 551 3261 nullus
569 3212 710 3262 intravit.“
779 3213 813 3262 ta
832 3228 872 3277 sq.
896 3211 1012 3263 Orosius
1031 3214 1087 3265 l.c.
1107 3209 1179 3276 „pri
1232 3243 1233 3292 t

213 3281 306 3328 vatam
325 3279 505 3342 ignominiam
524 3279 635 3341 pubIIco
652 3280 758 3328 scelere
777 3279 910 3329 obtexit.“
992 3282 1034 3330 45.
1053 3276 1179 3330 Narratio

194 3346 198 3354 ’
214 3345 248 3393 de
266 3344 324 3394 filio
341 3345 408 3392 ‘Nini
425 3344 547 3392 'Probata
565 3345 704 3393 invenitur
722 3346 808 3394 Gesta
830 3346 966 3396 'lieviron
992 3347 1037 3398 ed.
1055 3348 1179 3408 Wytten·

213 3410 287 3458 bach
304 3409 358 3459 vol.
377 3410 398 3462 1.
415 3424 441 3473 p.
460 3412 485 3470 4,
504 3409 551 3458 ubi
570 3424 613 3468 ea,
653 3424 704 3459 uae
723 3411 767 3460 hic
787 3418 872 3460 antea
890 3413 1029 3477 leguntur,
1051 3413 1135 3462 etiam
1148 3422 1179 3457 ex

216 3475 317 3525 Orooio
337 3475 509 3525 exhibentur.
540 3474 621 3539 Apud
666 3475 829 3539 rraltherum‚
848 3478 877 3526 in
896 3483 995 3540 quarto
1013 3476 1180 3529 Alexandre-
