2509 3917
165 138 230 205 152
488 141 550 195 nrt.
568 141 600 192 v.
631 157 657 195 v.
676 142 821 192 cre-oro.
862 211 863 215 Ἴ

168 293 247 353 Dant
269 294 408 370 gemitus,
433 292 604 369 tractaeque
626 291 729 354 labant
750 289 916 354 ululatibus
937 293 1009 361 irae,

211 377 360 455 Opprimit
382 380 414 438 in
437 378 557 438 madido
579 387 701 454 gutture
724 376 815 437 verba
839 374 937 444 dolor:

169 462 235 523 Non
261 470 393 539 sperant,
418 463 497 542 quod
521 464 615 540 possit
638 464 682 523 eis
704 459 879 541 impendere
898 463 990 521 vitam

209 545 281 607 Alea
304 544 365 623 jam
390 565 531 607 manuum
554 545 606 606 sed
629 550 725 623 magis
748 545 794 606 ala
816 544 937 624 pedum.

169 630 355 710 Praecipites
376 631 494 708 lugiunt
517 637 545 690 et
566 632 663 691 siccos
686 629 808 708 pulvere
830 630 920 706 longo

212 715 338 794 Compos
360 713 507 783 attollunt,
531 722 713 775 nontamen
737 714 890 791 effugiunt.

169 799 308 880 Denique
330 797 462 879 Pyrrhus
485 802 528 860 eis
551 817 618 860 cum
643 798 767 860 Graecis
788 801 909 860 fortiter
931 799 1022 859 instat

214 884 251 945 Et
272 885 393 959 fugitiva
417 883 482 944 lero
505 883 593 944 dorsa
616 901 761 944 mucrone
784 893 875 943 secat.

167 968 310 1048 Turpiter
333 986 367 1027 ex
391 987 497 1046 campo
519 968 646 1028 Teucris
667 969 698 1027 in
721 975 799 1029 tecta
822 969 934 1046 lugetis

211 1053 309 1131 Cingit
330 1055 472 1113 continuo
496 1052 640 1128 Pergama
663 1053 795 1112 Graecus
818 1053 922 1123 homo;

169 1136 236 1199 Non
258 1136 370 1198 audent
391 1136 513 1216 prodire
535 1140 596 1197 suis
618 1135 806 1212 aliquomodo
830 1139 923 1215 portu

207 1222 268 1281 ‚Sed
292 1221 402 1298 frigere
424 1220 507 1281 vides
530 1239 583 1300 spe
606 1220 740 1282 lluitante
763 1220 905 1300 Phryges.

350 1366 524 1437 [PRIAMUS
543 1367 741 1423 GONVOCAT
758 1365 955 1437 POPULUM.]

172 1477 237 1536 lam
260 1474 353 1534 virtus
374 1473 505 1551 Trojana
529 1473 619 1545 cadit,
641 1472 700 1551 jam
723 1474 787 1552 tigit
809 1472 846 1534 ab
868 1475 949 1534 intus

215 1559 272 1620 Cor
296 1558 407 1618 Priami
429 1560 510 1635 regis
532 1559 691 1619 anxietatis
714 1576 795 1620 acus.
1054 1625 1057 1628 x

169 1641 328 1704 Obsessam
352 1643 456 1703 metuit
479 1644 557 1702 tradi
579 1641 664 1720 plebs
686 1642 824 1704 hostibus
845 1641 952 1703 urbem

211 1729 268 1788 Aut
290 1725 380 1804 rigidi
402 1727 474 1786 lerri
499 1726 597 1788 forsan
620 1728 652 1787 in
675 1744 728 1787 ore
751 1729 827 1805 capi.

171 1810 319 1871 Funditus
343 1812 434 1871 everti
457 1810 534 1888 ualet
556 1810 645 1880 urbs;
670 1811 726 1871 boc
748 1819 872 1890 pector'e
895 1819 1022 1882 versant,
1092 1821 1149 1870 635

210 1894 248 1954 Et
268 1901 409 1973 poterunt
432 1896 537 1956 Graeci
559 1894 689 1956 subdere
712 1903 819 1956 cuncta
842 1899 920 1957 neci.

170 1978 208 2041 Se
231 1978 340 2039 Priami
364 1979 536 2040 declitante
559 1980 640 2039 tores
663 1981 808 2055 Antenor,
831 1983 919 2058 eique

211 2063 263 2123 Est
284 2063 478 2136 Anchisiades
500 2063 734 2142 Polydamasque
757 2082 868 2125 comes.

170 2146 235 2212 Rex
258 2147 342 2207 sedet
365 2155 395 2208 et
417 2148 511 2208 tristis
533 2147 603 2207 belli
626 2147 662 2208 de
685 2149 818 2227 pondere
841 2157 954 2227 pensat,

212 2231 319 2293 Pensat
341 2250 428 2310 quem
452 2233 540 2292 tinem
566 2229 671 2293 bellica
683 2232 798 2312 ‘spatha
821 2240 911 2310 petat.
1089 2243 1147 2290 oto
1244 2292 1246 2300 ,

167 2316 322 2393 Ingressos
344 2316 481 2376 Priamus
502 2313 649 2393 majorum
672 2335 755 2377 more
778 2315 894 2386 salutat,

213 2397 342 2480 Semper
364 2400 452 2460 bomo
474 2401 572 2480 potior
586 2400 685 2461 ‘debet
707 2419 794 2461 avere
816 2403 909 2477 prior.

166 2485 228 2553 Est,
252 2487 343 2555 aiunt,
367 2487 489 2546 minime
512 2482 574 2554 tibi,
598 2486 666 2545 rex!
689 2487 818 2545 recitare
840 2502 971 2552 necesse,

210 2567 304 2629 Annis
326 2568 372 2629 bis
395 2571 493 2648 quinis
515 2586 591 2648 quae
615 2567 691 2629 mala
714 2567 801 2646 Troja
824 2568 898 2631 tulit.
973 2583 978 2596 ⁸

169 2652 314 2713 Viderunt
335 2654 437 2722 Troes
462 2654 573 2722 vidisti,
597 2653 724 2714 vidimus
747 2671 860 2722 omnes,
1089 2661 1144 2711 645

213 2735 291 2805 Quot
313 2740 394 2815 passi
417 2740 510 2817 simus
533 2736 665 2800 vulnera.
690 2738 805 2806 damna,
829 2755 927 2797 neces.
988 2744 991 2750 “

172 2821 296 2882 Obsidet
319 2823 348 2880 et
370 2820 480 2882 claudit
502 2830 619 2882 nostras
642 2840 748 2882 monus
770 2820 883 2881 hostica
906 2827 1018 2900 portaS,

210 2903 370 2975 Libertate,
395 2924 450 2966 nec
473 2916 527 2974 est,
552 2906 602 2984 qui
624 2906 797 2966 moderetur
820 2923 879 2965 eas.
964 2911 967 2922 '

165 2990 239 3050 Tam
262 3008 300 3050 ne
323 2993 391 3068 quis
415 2998 459 3051 est
481 2990 585 3058 audax,
610 2998 643 3050 ut
665 2989 767 3050 limine
790 2998 877 3067 cogat
898 2987 981 3049 abire

234 3160 292 3208 619.
313 3159 398 3209 Statii
415 3157 502 3207 Theb.
520 3156 568 3218 IV,
587 3159 629 3218 23,
649 3158 697 3207 ubl
715 3172 764 3221 pro
782 3157 949 3220 ululatibus,
968 3155 1144 3220 singultibus
1244 3169 1245 3174 ¹

167 3227 279 3292 legitur.
349 3227 407 3277 ort.
435 3223 533 3285 Virgil.
551 3225 620 3274 Aen.
639 3225 691 3286 XI,'
707 3227 756 3276 672

271 3292 444 3352 Praecipites
463 3291 622 3354 pariterque
641 3296 733 3344 ruunt.
1244 3305 1245 3354 t

102 3419 108 3423 -
236 3360 295 3411 630,
331 3355 418 3406 schol.
450 3355 484 3405 ab
514 3356 610 3405 ardore
641 3358 791 3420 pugnandi.
895 3361 953 3411 oto.
985 3372 1025 3422 sp.
1052 3358 1142 3407 ensis

165 3427 225 3474 642.
245 3421 331 3473 schol.
352 3437 403 3483 ave
423 3420 523 3471 dicere.
594 3423 654 3472 644.
674 3422 739 3478 (lod.
758 3426 902 3478 bisbinis.
