2509 3917
176 158 236 224 198
587 161 650 211 niu.
671 164 719 213 vr.

304 314 433 393 Explicit
454 312 573 376 Troilus
596 333 611 374 e
637 313 715 374 bello
738 314 868 393 Trojano
891 314 934 374 sie
956 313 1063 375 dietus.

175 566 295 627 Troilus
321 573 366 626 est
387 566 508 628 Troilus
529 562 664 645 Trojano
687 568 821 645 principe
844 575 941 642 uatus,

175 649 212 712 Et
234 649 311 710 liber
337 658 382 711 est
404 649 523 712 Troilus
546 650 584 711 ub
607 650 714 712 Troice
738 650 813 713 bellu
837 662 968 714 voratus.

558 811 669 820 -..οι--ω
690 813 761 820 ...η-

176 902 229 964 Est
250 921 300 963 res
321 904 425 963 insane
450 904 575 966 nimium
599 906 731 967 solamen
754 903 866 966 habere

176 985 210 1048 lu
234 1006 287 1067 spe
310 986 469 1052 mundane.
492 1006 580 1067 quern
604 992 699 1051 nescit
721 989 809 1067 longa
832 1007 969 1058 manere;

178 1071 347 1132 (laudentes
370 1071 443 1132 llere
466 1073 538 1134 lauit
559 1082 590 1134 et
610 1074 742 1155 gaudere
765 1072 899 1140 dolentes

176 1154 227 1215 Sic
250 1153 325 1215 lullit
347 1173 416 1216 vere
438 1175 514 1225 sese,
540 1156 618 1218 velut
640 1159 746 1220 umbra
770 1166 939 1237 sequentes.

175 1308 375 1317 —0-——a-w.

177 1406 241 1442 suae
259 1397 379 1459 repetet,
405 1407 488 1458 quere
511 1393 578 1457 quid
601 1393 662 1458 ejus
683 1393 820 1445 beneficia
846 1393 903 1442 sint
927 1393 956 1442 in
975 1393 1056 1442 uobis
1080 1407 1149 1457 ope·

176 1466 251 1522 reta,
280 1466 345 1511 tune
373 1460 517 1521 discutiet;
544 1467 676 1512 venturus
704 1466 747 1512 est
774 1461 847 1511 enim
874 1462 902 1509 iu
929 1460 1021 1525 gloria
1046 1475 1099 1509 suu
1120 1464 1150 1509 et

175 1530 241 1577 tune
259 1527 355 1579 reddet
373 1529 522 1593 uniruique
541 1530 689 1580 seeundum
707 1543 791 1594 opere
809 1544 869 1579 eun.
904 1528 947 1578 'l'u
977 1542 1044 1591 ergo
1076 1528 1150 1577 bene

175 1592 272 1644 latites
302 1595 327 1644 ei
356 1595 427 1646 faeie
457 1596 626 1659 cubiculum,
657 1603 686 1648 et
716 1597 813 1647 clauso
843 1597 916 1646 ostio
945 1609 1009 1646 ores
1039 1601 1150 1660 petrem

176 1665 253 1711 tunm
276 1666 305 1713 et
327 1663 401 1713 inira
425 1663 564 1715 fortunam
586 1668 662 1714 tuem
684 1679 792 1729 menen
819 1665 844 1714 ui
871 1663 958 1713 ultum
984 1677 1039 1713 uon
1071 1663 1151 1727 sapis

176 1729 249 1778 sieut
270 1728 298 1779 hi
322 1732 430 1792 miseri,
457 1746 524 1795 quon
543 1732 616 1782 liber
633 1733 686 1782 iste
705 1733 810 1798 tangit,
837 1730 886 1781 sed
913 1730 1000 1779 times.
1034 1730 1073 1779 Et
1094 1729 1149 1780 hoc

177 1795 269 1847 faeere
299 1797 391 1858 debes,
418 1814 453 1847 ne
480 1798 568 1859 ferte,
593 1815 654 1849 eum
682 1814 730 1849 rex
759 1800 851 1850 avium
878 1797 943 1849 olim
969 1798 1081 1848 venerit
1106 1813 1151 1846 re·

178 1864 297 1927 petitum
314 1863 422 1930 plumes
440 1880 512 1928 sues,
533 1866 697 1918 ridiculosus
715 1868 733 1923 i.
751 1882 776 1917 e.
795 1866 959 1917 confusione
977 1865 1078 1931 plenus
1091 1880 1150 1927 eas,

176 1931 195 1979 i.
215 1947 237 1984 e.
265 1930 392 1995 repulsus
409 1933 552 1985 abscedes.
587 1935 719 1999 Quodne
738 1933 801 1999 fiat,
828 1934 919 1986 dieue:
947 1934 988 1983 Ad
1008 1938 1035 1982 te
1054 1932 1151 1982 levari

178 1998 297 2048 animam
321 2015 409 2049 meam
434 2004 462 2050 et
484 2017 519 2053 ne
543 2003 644 2067 perdas
667 2018 726 2052 cum
746 2002 789 2052 his
807 2002 900 2067 impiis
918 2001 1037 2051 enimam
1057 2015 1150 2050 meam

177 2068 284 2116 etcum
303 2068 370 2118 viris
388 2068 554 2133 sanguinum
573 2072 661 2120 vitam
679 2085 775 2119 meum.
810 2070 907 2119 Amen.
