2509 3917
377 252 379 258 ,
474 191 535 242 cra.
554 192 605 243 111.
640 206 666 243 v.
684 190 828 243 rar-448.

165 347 297 407 Hectora
320 352 478 406 cernentes
501 344 622 404 minime
645 342 768 422 prodire
790 340 907 419 Pelasgi

209 431 353 492 Insistuot
373 428 543 508 Phrygibus
565 431 719 507 asperiore
741 429 799 488 siti.

168 515 320 583 Aeacides,
344 513 438 574 Danai
459 511 627 591 protendite
651 512 789 573 brachia!
812 511 927 578 elamat,

213 597 343 675 Velaque
366 599 415 659 dat
437 598 570 677 quamvis
591 597 706 674 remige
728 598 811 656 navis
833 601 899 664 eat;

168 682 231 743 Nec
253 688 337 743 vacat
358 685 391 742 in
413 681 492 743 bello
515 698 569 741 sua
592 679 722 749 dextera,
747 681 861 740 sortiter
882 681 947 757 ipse

212 765 352 827 Fortibus
376 767 516 835 occurrit,
540 765 654 825 lrostioa
677 763 751 825 colla
775 767 868 824 metit.
949 762 956 775 ‘

169 851 204 912 ln
227 850 323 912 vultus
346 850 426 912 cadit
448 849 497 910 ille
521 868 600 918 suos,
624 850 812 927 calidumque
836 864 974 908 cruorem

214 937 273 997 Ore
297 935 395 1002 vomit,
419 935 515 995 rivum
538 936 692 1009 sanguinis
714 933 765 994 ille
786 931 870 993 bibit.

171 1020 228 1082 Hic
251 1020 324 1089 obit,
348 1018 399 1081 hio
421 1017 504 1089 obiit,
527 1016 575 1078 bic
602 1016 735 1097 palpitat,
760 1017 810 1078 ille
833 1017 968 1097 quiescit,

213 1103 369 1165 crudescit
391 1121 523 1181 campus,
547 1104 691 1180 sanguine
713 1111 814 1163 manat
836 1102 953 1163 humus.

170 1186 345 1248 Succumbit
366 1186 495 1265 Trojana
519 1204 634 1256 manus,
660 1188 814 1267 sparsique
838 1184 931 1263 lugati
1000 1254 1002 1259 ,

212 1273 236 1331 Α
259 1271 367 1332 Danais
388 1270 498 1331 Teucri
522 1272 613 1332 caede
636 1289 725 1332 ruere
747 1273 840 1345 gravi.
957 1266 962 1273 ’

170 1355 323 1433 Incipiunt
346 1354 460 1415 ululare
483 1354 615 1434 Phryges
637 1357 767 1416 infausta
789 1354 921 1423 boantes,

213 1440 275 1500 lam
297 1439 353 1500 sibi
376 1437 542 1500 debuerant
564 1457 648 1517 spem
671 1442 806 1518 posuisse
829 1439 940 1514 lugam.

346 1618 407 1673 HIC
427 1617 577 1704 Hebron
595 1617 710 1673 VENI'P
728 1618 779 1687 AD
798 1617 963 1677 PUGNAM.

171 1742 286 1810 Hector
308 1748 342 1800 ut
363 1741 478 1819 accepit
500 1758 639 1803 occasum
662 1740 740 1801 bella
762 1737 870 1802 minari

213 1824 353 1892 Troibus,
377 1826 505 1903 accingit
527 1827 660 1902 gnaviter
683 1843 753 1886 ense
777 1825 862 1887 latus.

170 1907 274 1969 Evolat
297 1912 456 1980 accinctus,
480 1911 661 1990 veniensque
683 1908 778 1972 leonis
801 1910 837 1971 ad
860 1913 953 1972 instar

214 1993 246 2053 ln
270 1991 342 2053 belli
366 1992 465 2053 medio
487 1992 628 2054 fulminat
650 2012 721 2055 ense
743 1995 823 2064 lero;

169 2077 303 2138 Pereutit
325 2086 353 2137 et
376 2085 484 2139 mactat
506 2087 535 2139 et
557 2081 702 2153 sanguine
724 2078 848 2139 vulnera
871 2078 964 2150 laxat3

214 2161 309 2231 Potio,
334 2179 423 2241 quam
446 2164 560 2231 miscet,
584 2160 689 2240 pocula
713 2164 817 2223 mortis
838 2162 938 2225 habet.

169 2241 319 2323 Principis
341 2245 468 2306 adventu
491 2246 648 2306 redierunt
671 2247 759 2307 eorda
784 2249 924 2316 virorum,

212 2330 266 2389 Est
287 2332 319 2390 in
341 2347 405 2389 rem
429 2347 545 2410 pugnae
569 2347 637 2409 spes
659 2332 769 2390 variata
792 2329 893 2409 fugae.

169 2411 293 2474 Prosilit
314 2413 458 2475 illustrem
482 2416 565 2474 ierus
587 2413 697 2475 Hector
718 2415 749 2473 in
772 2414 973 2486 idomeneum,

215 2497 331 2576 Dejieit,
356 2497 516 2559 obtruncat
538 2506 569 2557 et
590 2498 667 2576 pede
690 2498 782 2559 calcat
805 2517 883 2560 eum.

169 2580 294 2662 lpbidus
316 2581 465 2645 Hectoreo
487 2585 520 2643 lit
541 2585 658 2642 saucius
681 2600 769 2654 ense;
792 2583 921 2644 Leonte!

213 2664 327 2735 Nescis,
351 2667 431 2745 quod
453 2665 589 2745 scapulas
612 2667 716 2728 dissuit
738 2666 787 2727 ille
809 2667 883 2727 tibi?

87 2760 91 2769 ’
169 2749 232 2809 Sed
254 2749 399 2820 Stheneli,
422 2753 507 2813 cuius
530 2750 621 2811 voluit
643 2751 817 2828 transfigere
843 2761 984 2825 ventrem,
1046 2796 1049 2801 -

215 2832 368 2893 [dilabente
390 2852 480 2895 manu
503 2835 638 2914 perforat
659 2853 731 2897 ense
752 2837 861 2898 lemur.

237 3070 297 3119 429.
316 3068 437 3135 palpitat
456 3085 470 3119 e
488 3072 612 3135 margine
631 3086 693 3136 pro:
711 3073 850 3137 palmital.
902 3076 962 3126 431.
982 3091 997 3125 e
1015 3076 1138 3141 margine

167 3148 234 3200 prot
254 3136 392 3186 eucbubit.
466 3139 524 3187 432.
543 3153 593 3202 pro
612 3139 700 3194 codic,
719 3138 827 3195 Trauli.
906 3144 967 3194 445.
985 3144 1073 3197 nares
1090 3160 1137 3194 no·

166 3217 233 3319 rgtetp
258 3201 370 3283 Iphinoi
391 3203 486 3258 habet.
555 3207 613 3256 446.
638 3206 701 3257 eod.
724 3207 793 3273 ipse.
862 3210 920 3260 447.
941 3210 979 3260 st.
1003 3227 1052 3275 pro
1077 3212 1137 3265 cod.

206 3284 288 3319 eenr.
