2509 3917
419 184 488 238 Lau·
499 186 522 236 1.
558 201 584 242 v.
602 187 747 238 sas-seo.
1023 182 1068 249 25

88 339 210 401 hioenia
234 356 295 400 non
319 339 413 400 tacuit
435 339 583 418 irrumpta
606 339 746 416 virosque
768 344 929 419 peremtos,
962 381 965 387 ·
1013 346 1066 398 435

135 422 175 484 Et
196 423 351 493 reddatur,
375 423 423 492 ait,
448 431 534 502 rapta
556 420 653 503 puella
676 422 758 483 mihi.

91 507 221 570 Obrivat
243 505 384 587 precihus
406 525 505 576 aures,
529 507 719 586 retinentque
741 525 876 568 sororem

136 591 243 653 Cetera
266 610 334 653 cum
357 590 491 652 iacerent
511 591 568 652 hac
589 591 734 652 redeunte
755 592 863 653 locum.

90 675 189 737 Immo
211 678 396 737 remiserunt
416 674 606 744 inhonorum,
629 683 754 754 propter
776 676 898 737 honoris

138 756 198 831 Qui
219 761 277 821 tuit
300 768 329 820 et
349 761 432 839 pacis
453 761 561 820 nuncia
582 760 692 821 missus
714 760 766 821 eis.

92 844 208 923 Turpia
232 862 307 923 quac
329 843 432 906 tulerit
454 843 582 904 convicia
606 844 708 904 dicere
729 844 808 919 nolo,

137 926 176 988 Et
197 927 276 1010 quod
300 928 338 989 de
359 927 475 989 loribus
497 927 577 989 hunc
599 926 740 1006 repulere
762 930 832 990 suis.

91 1012 190 1083 Dicas,
210 1013 365 1074 'Antenori
388 1020 439 1073 tua
461 1012 520 1073 fine
542 1013 660 1090 negotia
681 1012 761 1092 quali

138 1095 296 1167 (hauseris,
319 1104 353 1158 ut
374 1104 490 1158 constet
513 1095 653 1157 omnibus
674 1099 731 1157 iste
753 1096 848 1158 stilus.

91 1181 204 1259 Incipit
226 1183 358 1243 Antenor
377 1180 524 1258 quaedam
548 1181 685 1251 recitare,
710 1198 764 1261 per
786 1180 835 1241 illa

138 1265 201 1327 Iam
224 1264 337 1327 dudum
361 1265 478 1326 lucrant
499 1282 575 1345 quae
598 1264 657 1326 sibi
678 1266 753 1325 iacta
777 1266 853 1327 loca.

92 1349 202 1410 indicit
223 1350 371 1430 Hesyoem
393 1350 472 1430 quod
495 1347 609 1410 nollent
630 1348 768 1418 reddere,
791 1348 911 1411 demum

137 1434 172 1495 in
194 1432 326 1494 medium
348 1436 471 1495 veniunt
491 1431 611 1513 probra,
636 1432 762 1514 repulsa,
785 1435 892 1495 minae.

95 1518 223 1598 Subjioit
243 1516 401 1588 hortando,
424 1526 457 1579 ut
479 1517 657 1579 serobusta
680 1519 815 1578 iuventas

138 1600 275 1663 Vindicet
296 1611 326 1662 et
348 1602 479 1664 Graecos
499 1601 591 1681 Troja
615 1618 758 1662 mucrone
782 1600 886 1662 domus

208 1763 379 1821 PANTHUS
397 1762 602 1819 DISSUADET
620 1763 772 1819 RAPTUM
788 1763 944 1820 HELENE.

94 1870 230 1932 Panthus
252 1872 301 1931 cui
324 1872 439 1948 genitor
461 1868 653 1947 Euphorbius
675 1871 793 1948 agmine
815 1870 892 1932 sacto

137 1954 172 2017 Iu
194 1954 295 2015 medio
318 1957 418 2032 coepit
440 1955 567 2032 agminis
588 1955 643 2015 ista
666 1952 758 2034 loqui.

97 2038 148 2102 Sic
171 2042 293 2100 memini
316 2039 428 2100 dixisse
450 2046 573 2115 patrem,
598 2057 666 2098 nam
689 2038 816 2119 plurima
839 2042 922 2102 novit

138 2123 272 2203 Denique
295 2123 445 2202 praedixit
466 2140 555 2202 saepe
576 2124 676 2183 lutura
699 2122 781 2183 mihi.

96 2207 176 2271 Utile
198 2206 356 2269 consilium
379 2225 438 2266 non
461 2208 595 2276 aestimo,
619 2209 645 2266 si
667 2205 824 2268 mulierem

140 2292 323 2353 Graecorum
346 2291 435 2352 ducat
458 2310 474 2351 e
496 2292 620 2368 regione
642 2291 737 2352 Paris.

97 2376 130 2436 Si
151 2394 203 2436 res
225 2376 332 2436 effectu
354 2374 518 2445 claudetur,
542 2373 632 2452 Troja
655 2374 774 2454 peribit,

142 2459 235 2531 Quam
258 2460 348 2520 modo
369 2470 451 2520 terra
474 2467 568 2534 tenet,
591 2476 702 2538 pascua
724 2458 823 2520 bubus
845 2460 910 2519 erit.

96 2544 163 2606 Otia
185 2546 295 2605 sectari
316 2543 474 2622 pulchrum
497 2544 591 2621 magis
614 2543 737 2604 aestimo
759 2541 845 2613 iiber,

140 2625 235 2699 Quam
258 2645 290 2689 se
313 2629 434 2689 servitio
455 2635 535 2687 mota
557 2643 613 2707 per
636 2644 717 2689 arma
739 2627 838 2688 darer.
1012 2638 1065 2689 460

98 2712 204 2774 Tutius
227 2719 273 2773 est
293 2714 422 2773 iacuisse
446 2710 541 2785 thoro,
565 2712 698 2772 tenuisse
720 2712 861 2774 choream

138 2796 288 2858 Treiciam
312 2791 415 2875 digitis
435 2796 621 2871 increpuisse
644 2794 747 2874 lyram,

94 2880 191 2952 Quam
213 2879 353 2941 manibus
375 2879 489 2960 clipeos
511 2886 541 2940 et
562 2886 667 2939 acutae
689 2879 823 2957 cuspidis
844 2881 958 2943 hastam

139 2965 176 3025 Et
198 2963 312 3042 galeam
335 2982 439 3043 pressa
462 2963 637 3024 sustinuisse
660 2981 753 3025 coma.

162 3132 222 3182 437.
252 3130 362 3183 obrivet
389 3147 423 3181 ex
450 3132 573 3199 margine
596 3148 645 3197 pro
671 3130 790 3182 codicis:
817 3132 934 3184 obbtrat.
1004 3134 1064 3186 438,

93 3197 183 3264 Merg.
200 3197 254 3250 hec
271 3199 404 3249 redeunte
422 3197 513 3250 locum
531 3215 587 3251 non
605 3198 714 3252 bellum.
733 3214 782 3264 pro
795 3199 846 3266 hoc
859 3199 996 3251 redeunde
1009 3200 1064 3253 loc.

92 3267 153 3317 441.
175 3281 190 3315 e
209 3268 332 3332 margine
351 3283 400 3332 pro
420 3264 554 3329 conjurio.
623 3268 683 3317 449.
702 3266 769 3318 Meo.
782 3267 924 3319 Hortando
942 3267 1065 3332 subjicit.

93 3334 152 3386 451.
169 3332 351 3398 Euphorbus,
371 3348 449 3399 quem
469 3339 563 3386 noster
579 3333 755 3399 Euphorbius
773 3335 897 3385 nominet
914 3350 969 3387 non
985 3338 1066 3399 poter

95 3400 144 3451 sed
161 3397 235 3452 filins
254 3398 356 3450 Panthi
379 3401 440 3451 fuit.
508 3403 568 3452 460.
588 3417 602 3451 e
619 3402 746 3466 margine
764 3417 813 3467 pro
831 3403 864 3457 si.
933 3402 1064 3453 461-64.

95 3466 191 3518 Ovidii
207 3466 302 3519 herod.
320 3468 372 3534 111,
392 3470 525 3519 117-120
543 3467 705 3534 deprompti.
