2509 3917
183 231 245 297 196
489 234 552 286 Lib.
571 234 618 283 VI.
655 250 681 282 v.
699 235 843 287 eto-868.

182 386 272 449 liires
294 403 395 465 opum,
419 402 546 464 regnum
570 388 740 462 regionum,
763 388 846 464 regia
868 404 983 465 regum,
1106 398 1161 447 845

224 468 328 532 inclita
349 470 494 531 nobilium
519 471 643 538 mansio,
668 488 779 548 pompa
801 470 924 531 ducum!

182 556 239 617 Tot
262 554 380 635 populis
403 564 432 615 et
454 562 496 616 tot
518 555 664 616 munitam
687 553 825 616 turribus
847 553 953 617 urbem

224 639 355 701 Credere
376 641 446 719 quis
467 646 570 719 posset
592 637 747 700 obsidione
770 640 847 719 capi.

183 724 304 786 Corruit
326 726 435 785 invicta
457 726 576 792 totiens,
601 722 738 801 nihilque
759 724 906 785 remansit

226 809 391 870 lnciuerata
413 807 501 888 jacet,
525 807 577 869 sed
600 825 699 887 neque
723 826 831 869 nomeu
854 807 954 871 habet.
1106 818 1162 868 850

186 893 316 961 Corruit,
340 891 508 972 exemplum
532 893 623 953 terris
645 895 778 954 immane
800 891 936 962 dabatur,

227 977 311 1048 Quod
334 994 478 1054 praesens
500 971 612 1037 certam
637 994 697 1038 non
720 975 810 1038 habet
831 975 905 1038 hora
927 976 1028 1038 tidem.

181 1061 256 1123 Nam
280 1077 366 1140 aegea
388 1070 442 1132 est,
465 1060 516 1122 nbi
539 1059 718 1148 Trojaxiuit,
741 1061 965 1142 resecandaque
987 1062 1065 1123 laice

226 1146 372 1207 Luxuriat
394 1145 524 1225 Phrygio
546 1147 693 1223 sanguine
715 1147 834 1226 pinguis
856 1145 974 1208 burnus,

183 1228 380 1311 Semisepulta
404 1230 499 1291 virdm
522 1232 623 1292 curvis
646 1231 797 1292 feriuntur
819 1236 928 1292 aratris
1106 1241 1159 1290 855

228 1315 313 1385 Ossa,
336 1315 475 1377 ruinosus
498 1313 608 1376 occulit
631 1313 725 1376 herba
749 1313 866 1376 domos.

183 1400 277 1462 Causa
300 1401 346 1460 rei
370 1399 436 1461 talis
459 1401 602 1460 meretrix
625 1405 692 1460 erat
714 1398 842 1461 exitialis

223 1484 374 1545 Formosis
397 1483 483 1545 malis
505 1482 621 1545 artibus
643 1500 695 1544 usa
718 1481 812 1545 malie.

183 1567 318 1647 Coniugii
338 1567 491 1630 Menelaus
514 1585 579 1629 eam
602 1566 680 1648 qnod
705 1585 809 1629 amore
831 1569 971 1646 requirit,

225 1651 309 1723 Quod
332 1659 375 1721 tu,
399 1651 614 1733 quodiaceret
636 1651 771 1731 quilibet,
795 1655 852 1713 iste
875 1653 955 1713 lacit.
1105 1662 1160 1711 860

449 1815 664 1885 [cunctosin
684 1813 884 1884 Caudinis]

182 1920 248 1983 lant
271 1928 391 1999 portum
415 1938 479 1982 mea
502 1920 601 1983 cimba
624 1930 717 1991 tenet,
737 1921 799 2000 jam
822 1929 910 1983 nanta
935 1922 1074 1998 quiescit,

224 2004 357 2066 Plurima
380 2008 431 2082 qni
454 2007 562 2068 mersit
583 2005 701 2083 agmina
724 2007 831 2066 mortis
853 2007 945 2086 aquis.

181 2087 305 2151 lnrolvit
327 2106 395 2149 eum
419 2088 506 2167 plebe
529 2089 631 2159 duces,
655 2108 723 2150 cnm
745 2092 884 2170 principe
907 2088 1023 2169 vulgus,

225 2173 297 2235 Cum
320 2173 433 2253 populo
455 2192 597 2253 proceres
618 2172 838 2253 belligeraeque
861 2184 950 2242 rates.

182 2259 327 2338 Pergama
351 2265 395 2319 tot
416 2259 534 2339 populis
557 2258 706 2334 quondam
731 2262 881 2336 terrisque
903 2257 1033 2339 superba
1105 2267 1158 2317 aon

225 2343 373 2407 Mortibus
395 2343 560 2403 innumeris
581 2345 665 2404 misit
686 2344 716 2403 in
740 2345 902 2404 interitum.
932 2405 938 2416 ,

185 2429 242 2488 lte!
264 2430 355 2507 igitur
377 2445 432 2505 per
454 2426 634 2505 exemplum,
657 2444 752 2503 genus
775 2446 793 2487 o
816 2426 940 2488 mortale
963 2445 1086 2489 reorum

225 2512 382 2573 erinnem
405 2510 491 2573 duxit
511 2528 585 2588 qnos
608 2510 684 2572 mala
709 2513 765 2572 rita
789 2510 910 2573 malum.

185 2714 245 2765 848.
263 2715 288 2763 9.
305 2713 431 2764 Imitetio
450 2711 545 2763 Sebini
562 2714 584 2776 1,
604 2714 637 2762 14

281 2780 346 2830 Jom
365 2781 435 2832 cinis
454 2785 482 2831 et
499 2785 607 2832 tautum
624 2779 720 2831 flebile
738 2778 824 2844 Troje
841 2779 936 2832 solnm.

181 2849 241 2900 851.
259 2847 312 2898 Or.
330 2862 353 2898 e.
371 2849 450 2904 Pont.
468 2849 517 2912 IV,
535 2849 560 2910 3,
579 2850 613 2899 50

283 2915 320 2966 Et
338 2920 442 2967 certum
460 2930 595 2982 praesens
613 2916 662 2965 vix
678 2914 763 2966 babet
780 2919 855 2966 terre
873 2914 963 2965 tidem.

181 2983 308 3037 aot—oo.
334 2982 428 3034 Ovidii
455 2986 520 3034 sunt
546 2982 660 3035 Heroid.
684 2984 707 3035 1.
729 2999 756 3033 v.
773 2984 886 3043 tia-ou,
912 2984 1033 3034 mutarit
1059 2988 1157 3035 tamen

148 3087 152 3096 -
180 3055 277 3103 nostor
299 3050 459 3116 „Phrygio“
483 3050 577 3101 Ovidii
604 3051 635 3100 in
662 3050 778 3115 frigidm
806 3049 971 3101 Ouidianum
1001 3052 1156 3102 tenuimus.

181 3121 241 3170 854.
258 3133 360 3185 mergo.
379 3120 508 3170 virorum.
559 3118 618 3169 856.
632 3120 674 3169 67.
693 3117 784 3168 (luido
801 3118 837 3168 de
849 3117 952 3169 Colum.
968 3117 1021 3181 (ed.
1035 3121 1153 3185 Argent.

183 3189 261 3250 1494)
281 3186 330 3237 iol.
349 3185 473 3252 paenult.
492 3188 522 3235 A.
542 3185 594 3236 col.
613 3201 638 3236 e.

284 3252 376 3305 Causa
393 3253 435 3303 rei
451 3252 518 3303 telis
535 3253 668 3304 meretrix
686 3257 748 3303 erat
766 3251 899 3316 exitialis,

318 3320 436 3370 Femina
454 3318 561 3382 letalis,
580 3320 686 3369 femine
704 3319 781 3370 loeta
799 3320 889 3375 malie.

182 3385 241 3435 868.
262 3400 277 3434 e
295 3386 420 3448 margine
438 3400 487 3450 pre
506 3400 610 3435 emere.
678 3387 737 3436 864.
755 3388 832 3452 virg.
849 3387 925 3438 Aen:
938 3388 975 3447 11,
994 3391 1044 3440 too

283 3450 432 3514 Pergama3
450 3456 493 3502 tot
511 3451 648 3515 quondam
666 3452 776 3517 populis
794 3456 929 3520 terrisque
948 3456 1098 3521 superbum
1146 3465 1149 3472 '

285 3516 467 3580 Regnatorem
487 3514 583 3568 Asiae.
