2509 3917
410 157 472 206 Lib.
489 157 525 207 II.
561 172 587 208 v.
604 159 748 208 aes-uad.

140 308 295 368 Invehitur
316 307 416 368 medio
438 308 547 387 puppis
568 306 693 368 honesta
715 305 786 368 salo.

96 391 195 453 Nauia
217 389 397 451 Philoctetes
418 393 458 452 sit
479 391 516 451 de
539 391 705 469 potioribus
727 410 812 461 uuus,

143 474 198 536 Cui
220 474 276 536 luit
297 477 328 536 in
351 473 475 555 reliquis
496 473 565 553 plus
586 477 633 535 ria
656 482 724 536 nota
747 478 849 537 maris.

93 560 340 636 Argonautarum
361 563 463 620 socius
485 559 542 619 luit
563 557 612 619 hie
636 558 735 628 homo,
760 577 888 639 quocum
1013 569 1063 619 295

141 640 308 723 Phryxeum
330 645 417 720 petiit
439 642 534 705 Pelias
556 642 646 704 arhor
668 660 762 708 ovem.

95 727 240 804 Undique
263 726 327 788 vela
349 726 457 795 rolant,
480 727 568 805 longa
590 727 717 787 statione
739 726 841 787 videre

143 811 201 872 Per
223 809 323 888 pelagi
344 811 445 873 solitas
469 811 514 872 sol
536 810 715 891 prohibetur
736 828 839 890 aquas.

96 893 206 955 Velant
227 895 290 955 vela
312 914 406 972 mare,
428 914 510 957 mare
533 903 627 961 lotum
648 912 740 956 eerue
761 893 870 967 volare,

144 977 251 1039 Dividit
272 977 402 1042 undosas
423 998 546 1060 spumea
569 997 657 1059 prore
680 981 751 1040 rias.
1013 988 1064 1039 000

96 1062 214 1124 Pontus
234 1071 326 1143 ponte
349 1074 431 1125 earet
453 1063 526 1126 mihi
549 1063 661 1133 dicunt,
684 1063 735 1125 hie
756 1081 811 1142 ego
832 1071 957 1142 pontum

146 1147 252 1207 Verius
274 1165 290 1207 a
312 1147 405 1208 mullo
427 1149 526 1209 dicere
548 1158 640 1228 ponte
661 1166 750 1227 queo.

98 1229 217 1292 Pontus
239 1232 327 1300 enim,
350 1240 448 1293 textus
469 1232 538 1309 quia
561 1231 704 1309 pontibus
726 1241 780 1302 est,
802 1230 855 1293 ubi
877 1232 989 1294 olasses

144 1313 300 1376 Pontifices
321 1325 431 1394 pontus
452 1317 550 1392 pontis
572 1317 609 1377 ad
631 1319 725 1378 instar
746 1314 845 1377 habet.

98 1396 266 1476 Imperium
287 1407 413 1478 tangunt
434 1399 556 1470 Priami,
578 1401 703 1461 munitio
726 1399 871 1478 quaedem
1012 1407 1062 1457 uuo

145 1480 197 1542 Est
218 1482 270 1550 ihi,
293 1502 382 1563 quam
405 1502 472 1545 rara
495 1483 616 1544 dextera
640 1487 731 1545 iactat
752 1484 845 1543 humi.

99 1564 158 1626 Hie
180 1583 283 1627 versus
305 1567 446 1628 Tenedon
468 1557 646 1647 procedunt,
671 1568 808 1647 quiequid
832 1565 942 1627 ibidem

27 1708 29 1713 ⁴
146 1649 211 1709 vivi
232 1652 396 1731 reperiunt,
419 1655 527 1712 mortis
549 1651 585 1712 ad
608 1669 677 1712 arva
700 1650 833 1714 trahunt.

64 1796 66 1798 ,
100 1730 249 1794 Praedam
271 1736 398 1812 partitur
419 1737 621 1813 Agamemnon
643 1733 804 1813 habetque,
827 1742 930 1795 vocato

144 1817 279 1894 Agmine,
301 1818 338 1878 de
360 1817 431 1880 helli
453 1818 575 1899 provida
598 1820 688 1879 verbe
710 1827 798 1880 stetu.
1013 1829 1064 1878 310

98 1898 197 1961 Vultis
218 1911 251 1961 ut
272 1901 308 1962 ad
331 1902 482 1964 Priamum
505 1905 639 1965 mittatur
660 1905 800 1972 nuncius,
823 1904 929 1982 iuquit,

144 1982 306 2056 Quaerens,
329 1987 399 2066 quid
421 1987 499 2055 lesit,
522 1988 548 2046 si
570 1989 685 2049 variare
708 1987 787 2049 velia

98 2066 238 2130 Reddere
261 2069 323 2131 vult
345 2069 496 2138 lleienam,
518 2072 557 2131 sit
579 2069 689 2132 bellum
712 2088 786 2150 paee
808 2068 973 2150 sepultum;

144 2152 307 2224 siminus,
329 2155 361 2214 in
383 2154 488 2232 gladiis
510 2155 719 2232 aggrediamur
741 2172 819 2216 eum.

99 2235 214 2297 Forsan
236 2247 298 2299 tum
320 2237 418 2299 medio
439 2241 539 2318 posuit
561 2240 635 2299 deus
657 2239 756 2299 omnia
778 2256 894 2317 campo,
1013 2247 1063 2296 315

143 2320 261 2382 Sentiet
281 2324 372 2383 iratos
393 2323 501 2383 Troica
522 2323 633 2400 praeda
655 2321 738 2382 deos.

99 2404 145 2466 Ad
169 2404 320 2467 Priamum
343 2408 426 2467 missi
448 2404 606 2468 lliomedes
627 2413 698 2466 sunt
719 2413 749 2465 et
770 2403 869 2466 Ulixes

143 2488 238 2550 dmho
260 2490 390 2558 facundi,
413 2490 493 2551 serre
516 2490 638 2551 lereuda
661 2487 757 2569 probi.

110 2633 287 2691 Acfluuus
304 2634 351 2690 ET
369 2635 555 2691 TELEPHUS
571 2633 791 2702 MITTUN'PUR
806 2635 845 2689 IN
863 2635 1047 2706 MYSIAM.·)

100 2742 134 2802 ln
160 2741 280 2820 Mysiam
305 2742 468 2822 Telephum
491 2742 600 2803 direxit
620 2760 673 2801 rex
697 2752 726 2802 et
747 2739 889 2802 Achillem

143 2826 247 2894 Urere,
270 2826 418 2902 praedari,
440 2825 570 2887 subdere
593 2834 699 2887 cuneta
723 2827 799 2886 neci.
1013 2833 1064 2884 320

168 3027 228 3077 333,
256 3025 426 3076 Philoctetes
448 3041 463 3076 0
481 3027 584 3077 Durate
606 3041 656 3091 pro
675 3024 734 3076 eod.
752 3024 934 3076 Philosterss.
1003 3027 1062 3077 334.

98 3098 248 3144 nautarum
268 3107 303 3142 ex
320 3093 444 3158 margine
462 3109 511 3158 pro
529 3094 589 3144 eod.
606 3096 759 3146 nautarum.
828 3094 887 3144 296.
910 3091 1004 3144 Ovidii
1022 3097 1065 3143 est

96 3159 341 3222 Heroid.X11,8.
410 3162 469 3212 298.
487 3176 521 3210 ex
539 3162 662 3225 margine
679 3175 729 3225 pro
746 3159 855 3210 sasilas:
926 3161 984 3213 306.
1000 3175 1064 3210 rare

101 3242 136 3277 ex
153 3227 280 3290 margins
299 3243 349 3292 pro
367 3231 438 3286 rats,
456 3227 530 3292 quod
548 3226 754 3293 significatione
771 3225 885 3288 ‚,lirms“
902 3232 996 3291 aptum
1014 3226 1065 3276 ssd

97 3299 190 3359 metro
208 3291 289 3359 (rati)
307 3294 504 3346 inconveniens
522 3301 605 3345 esset.
674 3295 733 3347 313.
751 3293 809 3348 eod.
826 3293 951 3344 Reddere
967 3294 993 3342 si
1004 3292 1064 3343 vult

97 3361 238 3413 Helenam
250 3367 305 3416 000.
339 3363 398 3414 310.
410 3363 518 3412 Lucani
529 3368 573 3413 est
581 3362 677 3417 Phars,
687 3361 748 3424 VH,
758 3362 817 3412 348.
853 3359 1063 3412 319.Moesiam.

167 3428 193 3491 ⁸)
215 3428 347 3494 Mysiam,
364 3444 433 3493 non,
452 3429 524 3494 quod
541 3429 629 3480 codex
647 3433 675 3479 00
692 3427 782 3479 Dares
799 3427 903 3478 habent
920 3425 1063 3490 Moesiam,

149 3515 244 3558 Troilus.
844 3512 861 3559 4
