2509 3917
416 176 480 226 nan.
501 175 548 225 vr.
584 191 609 224 v.
629 176 802 225 aet-614.¹
1017 171 1076 234 187

104 328 247 390 Gaudeat
268 330 400 389 Antenor
421 324 513 388 simili
535 327 635 387 ridere
659 327 768 404 quiete,

158 413 212 473 llis
236 429 353 491 quoque
375 430 520 491 personae
543 414 730 490 proximitate
753 413 847 471 datae.

108 498 269 559 Consentit
291 495 418 575 populus
442 497 476 556 et
493 498 543 565 eis,
569 499 618 574 qui
642 498 720 573 regis
743 495 780 556 ab
803 513 855 555 ore
919 515 921 518 ·

157 582 299 659 Expressi
321 582 448 649 fuerant,
473 583 571 641 omnia
595 578 672 641 salva
696 588 832 647 manent;

104 665 146 726 Et
172 684 232 725 non
255 667 404 744 expressis
428 675 549 734 tantum,
573 665 625 725 sed
649 672 678 724 et
699 663 836 724 omnibus
859 662 916 737 his,
939 663 988 741 (μή
1028 672 1077 720 aas

153 749 317 828 Participes
339 748 429 829 hujus
452 748 623 809 traditionis
646 758 739 808 erant.

282 896 436 965 [enudus
454 896 501 949 ET
519 895 656 950 PRECES
674 892 903 961 ANTENORIS.]

104 1005 242 1063 Antenor
265 1002 375 1080 surgit;
399 1001 534 1062 otiandi
559 1003 643 1080 copia
667 1001 762 1064 detur.

150 1086 311 1152 Obsecrat;
337 1085 392 1147 hae
414 1093 511 1145 sumta
533 1086 744 1145 convenienter
766 1086 820 1144 ait:

104 1172 214 1233 Grates
236 1168 422 1248 (trojugenae
446 1177 597 1245 gratanter
619 1169 713 1230 reddo
733 1168 872 1248 juventae

147 1254 207 1315 Pro
229 1253 306 1315 bene
328 1261 454 1328 serrata,
479 1272 567 1333 quam
591 1254 742 1332 pepigere,
766 1252 834 1312 ude

88 1339 240 1417 ‘Corpora
263 1344 362 1398 nostra
385 1338 506 1417 quidem
528 1337 621 1398 relius
645 1344 715 1397 sunt
735 1340 849 1413 integra
872 1333 968 1403 salvis,

150 1423 213 1496 Nec
235 1424 337 1483 nocuit
359 1423 467 1483 nostris
489 1420 549 1483 ulla
572 1419 704 1500 procella
727 1423 818 1480 neeis.

104 1508 131 1569 Ο
155 1508 224 1567 rex!
247 1506 276 1565 in
299 1508 395 1584 capite
418 1505 497 1574 belli,
521 1524 587 1566 cum
611 1504 687 1565 bella
710 1507 818 1574 sitiret,

147 1591 184 1650 Et
206 1590 290 1651 daret
312 1598 446 1651 extentas
467 1589 557 1668 Troja
580 1588 711 1668 superba
735 1590 838 1656 minas,

106 1676 173 1738 Non
196 1676 280 1743 ierat,
304 1676 354 1735 sed
378 1675 473 1734 iturus
496 1683 560 1735 erat
581 1691 746 1752 navemque
768 1671 917 1748 struebat,

149 1758 309 1819 lntendens
332 1758 440 1818 Danais
463 1758 568 1818 damna
591 1774 698 1836 parare
719 1757 815 1817 Paris.

105 1844 166 1905 Res
190 1861 223 1903 ea
247 1841 396 1922 displicuit
417 1841 541 1910 Heleno,
565 1841 726 1920 retulitque
748 1842 880 1901 loturum

150 1928 284 2005 Remigio
306 1925 357 1988 tali
379 1926 508 1987 Troibus
531 1926 695 1996 excidium3
722 1933 724 1935 ’

105 2012 163 2072 llio
186 2011 272 2071 etiam
295 2010 380 2071 reddi
403 2029 512 2090 eorpus
533 2012 682 2090 persuasit
702 2008 835 2077 Achillis,

148 2093 325 2155 intumulata
349 2094 452 2155 dolens
474 2093 608 2154 membra
628 2092 730 2171 jacere
754 2093 847 2153 ducis.

109 2180 147 2240 Et
168 2180 267 2239 luerat
288 2179 450 2240 Cassandra
473 2178 551 2238 malo
574 2180 724 2238 contraria
747 2185 845 2237 vestro

148 2264 212 2324 Hoc
235 2281 314 2328 casu.
339 2281 438 2323 casum
463 2262 652 2322 vaticinando
673 2261 834 2338 Phrygum.

107 2347 202 2409 lmmo
225 2346 371 2408 clamabat
392 2347 556 2415 manifeste,
579 2344 668 2423 Troja
692 2344 817 2404 tenenda

148 2431 232 2505 Quod
256 2432 333 2491 toret
355 2432 454 2500 exitio,
478 2433 504 2492 si
526 2431 610 2491 Paris
632 2432 689 2489 iret
712 2448 757 2489 eo.

104 2513 251 2595 Quicquid
275 2514 418 2592 agebatur
438 2518 518 2575 inter
540 2514 704 2592 primordia
728 2511 806 2580 belli,

147 2599 200 2661 llla
221 2598 388 2666 recusabat,
412 2617 488 2678 quae
511 2589 595 2658 Paris
618 2598 678 2674 egit
700 2599 756 2674 agi,

104 2683 139 2743 ln
163 2692 294 2750 tantum;
319 2683 396 2760 quod
418 2701 483 2744 eam
507 2691 592 2761 pater
612 2689 678 2743 atro
700 2698 822 2741 carcere
844 2680 957 2753 elausit,

148 2767 209 2829 Nec
232 2769 333 2840 tacuit,
356 2785 459 2846 pacem
483 2784 601 2844 semper
622 2767 653 2827 in
676 2784 729 2826 ore
752 2766 834 2826 tulit·

106 2851 259 2913 Concedas
280 2852 369 2928 igitur
391 2852 439 2912 liis
460 2849 599 2911 libertate
622 2852 724 2929 potiri,
743 2855 746 2862 '

148 2935 184 2995 Et
206 2945 254 2997 tua
277 2953 332 3013 pro
354 2938 472 2995 meritis
494 2937 588 3012 gratia
612 2936 707 3012 prosit
728 2937 782 2995 eis.

107 3019 169 3079 Rex
193 3020 229 3081 de
253 3017 375 3082 consilio
398 3016 558 3095 consentit,
582 3022 685 3098 eisque
708 3017 824 3079 duobus

147 3102 281 3166 Libertas
304 3105 401 3173 etiam,
425 3121 458 3164 re
480 3103 635 3173 redeunte,
659 3101 744 3162 redit.

105 3187 210 3247 Evadit
231 3205 350 3269 quoque
371 3206 426 3266 per
447 3186 591 3248 Helenum
613 3190 715 3265 regina
738 3194 910 3265 precantem

147 3271 277 3341 Hecuba,
300 3273 422 3349 reginae
442 3268 577 3349 jungitur
598 3270 814 3332 Andromache

173 3454 231 3509 587.
252 3454 312 3509 eod.
331 3452 463 3506 Athenon
532 3457 591 3509 597.
610 3456 672 3507 eod.
691 3454 808 3508 Helono.
