2509 3917
172 175 215 240 80
475 177 538 230 Lib.
559 177 609 227 111.
646 193 671 227 v.
690 178 836 227 est-308.

374 356 498 412 VERBA
515 354 697 412 HECTORIS
715 355 765 410 AD
784 355 933 414 ULIXEM.

171 463 319 543 Tempora
342 462 428 541 longa
451 469 532 524 tenet
555 461 668 523 lleotor
690 472 837 541 suspecta,
861 464 1018 525 revolvens

215 550 274 609 Cur
296 555 434 627 peterent
456 548 540 608 annis
562 563 676 626 ponere
699 545 777 607 bella
801 547 907 608 tribus.

172 631 268 693 Verba
290 632 454 710 gerundivo
476 631 557 712 pacis
579 630 785 709 praetenditis,
808 633 916 712 inquit,

214 717 370 777 Exteriora
392 721 504 794 patent,
528 716 671 777 interiora
693 712 795 776 latent.

172 798 233 861 llos
254 800 375 869 scimrrs,
399 810 542 877 quantum
564 799 662 861 bonus
683 818 716 859 es
737 801 880 860 recitator
902 799 1016 870 Ulixes,
1095 797 1145 859 285

216 884 256 945 Os
278 887 386 963 aperis,
409 888 490 945 intus
512 891 636 964 pectora
659 882 759 945 clausa
782 886 872 962 geris.

173 967 205 1029 Si
228 968 282 1029 tibi
305 971 349 1030 vis
372 968 464 1037 credi,
488 970 571 1047 prius
594 986 670 1028 exue
692 969 903 1049 suspicionem,

215 1052 289 1113 Nam
310 1051 388 1113 solet
410 1051 526 1114 excludi
549 1053 720 1131 suspicione
743 1049 825 1113 tides.

172 1135 241 1197 lure
263 1136 338 1197 mihi
361 1144 517 1216 suspectus
540 1137 608 1203 eris,
633 1143 752 1216 treugas
775 1137 872 1198 tribus
891 1135 978 1196 annis

217 1219 302 1290 Ouod
327 1237 381 1297 pro
403 1222 552 1282 defunctis
573 1219 781 1282 intumulando
802 1222 888 1300 petis
1093 1229 1145 1277 nuo
1244 1286 1245 1297 ἶ

173 1303 440 1366 Laomedontiades
462 1304 601 1383 Trojanis
621 1306 677 1366 ista
700 1307 812 1365 roratis
1036 1324 1064 1376 j

215 1388 344 1457 intimat,
368 1391 524 1465 inquirens
546 1389 697 1468 quomodo
721 1388 765 1449 vel
788 1389 859 1468 quid
883 1395 960 1467 agat.

173 1473 345 1535 domnionis
367 1491 530 1534 consensus
552 1482 617 1534 erat
637 1476 669 1534 in
693 1490 765 1552 pace
787 1475 916 1544 trienni3

214 1557 271 1628 Oui
295 1558 423 1618 tulerant
445 1556 578 1625 verbum,
602 1577 669 1618 mox
694 1557 812 1618 rediere
835 1558 967 1618 domum.

206 1735 336 1790 PACEM
353 1737 549 1791 rutundum
566 1737 764 1792 nuruuuttu
782 1736 919 1792 LEGATI
936 1735 1103 1791 GRAECIS.

173 1858 275 1934 Legati
299 1877 440 1938 responsa
463 1860 578 1920 ferunt:
603 1861 804 1937 Agamemnon
827 1859 858 1918 in
881 1876 974 1919 unum
1093 1869 1146 1917 teo

219 1944 328 2003 Accitis
350 1944 481 2013 Graecis
501 1941 618 2023 singula
640 1953 744 2005 narrat
766 1945 819 2004 eis.

173 2025 227 2099 lte,
250 2027 351 2093 relert,
374 2030 548 2107 campisque
571 2030 651 2088 viros
673 2029 798 2109 sepelite
818 2026 959 2108 jacentes,

219 2109 298 2171 diors
320 2119 366 2171 est
388 2112 463 2172 lacta
486 2110 596 2192 quibus
617 2112 785 2173 indubitata
806 2111 887 2172 tides.

177 2194 278 2255 Primo
300 2192 362 2256 sole
385 2194 479 2256 solum
502 2195 630 2256 feriente
653 2196 792 2257 leruntur
814 2197 845 2255 in
868 2194 941 2255 altas

170 2318 171 2321 =
217 2278 314 2339 Occisi
336 2280 442 2350 lossas,
465 2279 550 2359 plebs
571 2281 650 2358 rigat
671 2298 771 2358 ungue
792 2297 893 2357 genas.
1092 2288 1146 2336 too

175 2363 353 2425 subterrant
375 2365 464 2425 etiam
487 2363 607 2444 Phrygii
629 2382 681 2423 sua
704 2366 819 2432 lunera,
842 2361 931 2424 tellus

217 2446 342 2509 Parvula
366 2467 439 2527 quos
462 2449 581 2526 refugit,
604 2449 749 2509 maximus
771 2449 849 2526 ignis
871 2446 940 2508 edit.

150 2562 152 2565 ·
175 2531 291 2592 llocnia
315 2531 471 2611 Trojanus,
493 2534 618 2611 Argivus
639 2533 703 2593 vela
725 2534 860 2601 resarcit,

216 2615 362 2693 trojanus
384 2635 489 2678 muros
510 2616 727 2695 Argolicusque
749 2625 838 2677 rates.

174 2698 325 2778 Praecipit
346 2717 493 2760 annonam
517 2700 614 2760 medio
638 2718 690 2760 rex
712 2710 847 2779 tompore
870 2699 953 2768 lerri,

217 2783 256 2842 Ut
277 2790 455 2861 procuretur
477 2784 562 2863 copia
584 2783 677 2845 multa
699 2783 770 2846 cibi.

173 2864 311 2945 Undique
333 2865 484 2944 colligitur
507 2871 667 2937 exercitus,
691 2886 772 2929 arma
796 2876 953 2937 novantur,

216 2948 355 3021 Bellicus,
378 2951 534 3015 advehitur
556 2970 655 3022 omne,
677 2952 755 3032 quod
780 2969 849 3012 ustis
871 2959 946 3012 avet.

173 3068 376 3078 ——aem

242 3135 300 3188 282,
322 3151 336 3184 e
354 3137 492 3200 margine:
511 3141 637 3200 peterent
654 3151 702 3201 pro
721 3135 825 3186 codicis
844 3133 1024 3200 „ponerent“.
1082 3135 1145 3185 291.

174 3215 224 3265 pro
243 3200 329 3252 codic.
347 3202 597 3253 Laocedontiades.
633 3203 730 3268 Margo
748 3203 845 3254 Laom.
864 3203 1000 3253 Priamus.
1082 3203 1145 3253 293.

173 3268 282 3333 Margo:
309 3269 368 3320 Pax
394 3270 517 3320 secundo
540 3271 622 3320 trium
645 3285 787 3321 annornm.
873 3272 932 3322 299.
950 3283 1036 3333 marg.
1058 3267 1145 3323 altos.
1166 3276 1170 3285 ⁹

174 3337 325 3402 profundas
347 3337 445 3388 fossas.
532 3339 591 3388 300.
611 3337 679 3388 (lod.
702 3337 771 3402 ples.
790 3351 871 3402 ugue.
957 3337 1015 3387 302.
1034 3350 1144 3400 mergor

174 3405 238 3468 qnia
260 3409 334 3455 terre
356 3420 411 3455 non
434 3401 544 3455 suffecit
563 3405 603 3455 eis
622 3405 658 3455 ad
675 3404 872 3469 sepeliendum,
958 3405 1017 3455 30⁷.
1035 3416 1145 3468 margo.

174 3471 325 3521 desiderat.
853 3495 856 3502 ·
