2509 3917
406 197 468 254 nso.
487 205 534 256 rr.
561 220 587 255 v.
605 207 749 257 sat-855.
1000 203 1060 267 129

93 356 213 417 Cedunt
235 365 265 417 et
284 354 425 435 juvenum
448 373 508 416 non
530 373 623 434 pauca
647 358 814 435 frequentia
835 374 946 425 secum,

138 440 288 503 Mentibus
310 449 339 500 et
360 438 505 501 membris
526 442 578 519 qui
599 443 721 519 viguere
743 443 821 503 satis.

93 525 303 606 Cappadocum
326 534 432 602 gentes
454 525 564 585 adeunt
587 533 615 583 et
638 527 754 586 moenia
775 525 871 594 Ponti,

142 610 263 671 Insidiis
285 611 375 670 cincti
399 608 452 669 sed
473 611 664 688 perimuntur
686 609 739 669 ibi.
807 635 809 638 ·

94 696 186 757 Venit
208 693 243 754 ad
267 711 377 753 uxores
398 694 517 754 illorum
540 692 578 753 de
601 711 674 754 nece
696 711 807 761 rumor,
1010 703 1060 750 888

138 779 176 840 Et
198 780 347 838 succrevit
368 779 411 837 eis
434 794 502 838 cum
524 778 643 838 lenitate
665 779 760 841 luror.

92 863 263 925 Vindictam
287 863 418 939 propriis
439 861 597 922 intendunt
617 863 743 924 tendere
764 860 879 922 dextris

140 947 181 1008 lit
201 962 263 1005 non
284 948 396 1023 ignavis
419 945 570 1007 mentibus
591 964 673 1006 arma
696 948 787 1006 cient.

93 1029 192 1109 liujus
214 1031 359 1109 propositi
382 1033 421 1090 sit
443 1038 477 1091 ut
498 1028 636 1091 omnibus
659 1048 717 1092 una
740 1031 885 1098 voluntas,

137 1116 318 1176 lnterimunt
339 1132 452 1183 omnes,
475 1132 550 1193 quos
572 1113 715 1185 habuere,
739 1117 827 1175 viros.
1010 1123 1061 1173 830

92 1197 238 1267 Exilium,
263 1205 293 1258 et
313 1197 350 1258 ab
373 1198 420 1260 bis
442 1200 539 1260 Asiam
562 1201 594 1260 lit
611 1217 714 1278 pugna
737 1215 941 1278 peromnem,

141 1283 289 1362 Incipiunt
312 1281 382 1343 belli
405 1285 603 1362 prosperitate
624 1284 695 1343 irui.

44 1379 45 1382 ’
92 1368 132 1429 Et
155 1365 355 1427 comitabatur
378 1368 499 1428 victoria
520 1385 640 1447 semper
662 1366 779 1427 easdem

141 1451 299 1531 Oppositas
320 1458 448 1520 terrens,
472 1459 587 1530 promta
610 1452 753 1529 trophaea
775 1451 887 1510 terens.

93 1534 254 1607 Quaelibet
274 1534 391 1596 illarum
413 1534 472 1614 jam
496 1554 569 1614 pace
591 1552 646 1613 per
668 1551 751 1596 arma
774 1550 892 1594 reversa
1010 1541 1060 1590 835

139 1620 286 1698 Disponit,
309 1621 423 1680 luerint
444 1637 520 1699 quae
543 1618 677 1680 iacienda
701 1618 789 1678 domi.

18 1745 20 1748 -
94 1705 127 1763 st
153 1719 241 1782 quam
266 1702 400 1770 delectat.
424 1706 515 1765 immo
537 1703 666 1765 delectat
687 1701 821 1764 habenda

139 1787 274 1849 Gaudeat
295 1796 328 1847 ut
349 1786 444 1866 prole,
467 1795 563 1848 mater
585 1795 615 1848 et
636 1805 702 1848 esse
724 1785 804 1855 velit.

94 1870 246 1931 illustrem
269 1878 354 1932 vocat
376 1871 427 1933 illa
449 1873 560 1946 virum3
584 1873 628 1932 vir
650 1880 766 1933 amatur
788 1879 823 1933 ut
844 1871 962 1950 hospes,

139 1954 222 2025 Quae
245 1973 336 2034 quum
359 1974 392 2015 se
414 1955 564 2033 gravidam
587 1958 726 2026 senserit,
750 1956 801 2017 ille
823 1954 910 2016 redit.
1012 1963 1062 2011 840

94 2040 172 2099 lilia
198 2038 340 2116 diligitur,
364 2042 494 2100 nutritur
517 2040 552 2099 ad
576 2056 668 2111 arma,
692 2041 831 2106 docetur;

139 2120 233 2183 Filius
254 2126 284 2183 in
308 2125 417 2201 stygias
438 2124 650 2204 praecipitatur
672 2141 774 2202 aquas.

98 2208 260 2267 Cremento
282 2214 382 2267 careat
402 2216 435 2267 ut
457 2208 561 2269 dextra
584 2208 724 2277 mamilla,
747 2215 905 2274 crematur,

142 2293 179 2351 tt
201 2298 292 2361 caret,
315 2298 348 2352 ut
369 2291 456 2354 hellis
477 2299 593 2372 promta
616 2294 656 2353 sit
676 2290 724 2353 illa
748 2309 863 2352 manus.

94 2375 212 2435 Nomen
234 2376 364 2435 ¹Amazon
388 2376 490 2445 babes,
515 2379 599 2455 quasi
622 2377 704 2438 dicas
726 2375 839 2455 absque
856 2373 996 2444 mamilla,
1012 2383 1062 2432 845

141 2458 164 2518 Α
188 2459 251 2520 sine
273 2467 451 2539 praesentat,
475 2478 663 2540 mammaque
686 2479 789 2521 maron
811 2460 879 2519 erit.

95 2544 235 2621 Regnum
257 2546 378 2622 reginae
400 2545 548 2625 quondam
571 2563 678 2606 rexere
700 2543 818 2614 duales;

139 2627 177 2687 Et
198 2625 292 2705 regno
314 2629 411 2689 luerat
433 2630 547 2690 inditus
567 2631 626 2691 iste
649 2638 759 2690 statos:

95 2713 162 2773 Una
186 2710 266 2772 domi
288 2713 402 2791 patriae
424 2720 523 2775 custos
544 2715 610 2784 luit,
634 2712 726 2775 altera
748 2731 820 2774 vero

140 2797 199 2855 Pro
221 2799 304 2874 regni
327 2798 430 2874 spatiis
453 2798 555 2859 extulit
577 2815 659 2858 arma
681 2800 769 2859 lonas.
1011 2805 1062 2853 850

98 2881 163 2940 Una
186 2879 307 2957 quidem
329 2884 426 2942 tenuit
447 2882 602 2961 Marsepia,
625 2882 769 2963 Lampeto
792 2898 902 2941 nomen

143 2963 258 3033 Alteraa
282 2965 519 3042 regnabat’haec
542 2967 625 3034 soris,
649 2965 697 3026 illa
720 2966 810 3026 domi.

96 3047 159 3107 llas
180 3049 261 3108 inter
283 3050 399 3110 virtutis
421 3067 492 3128 opes
514 3051 657 3129 Marsepia
681 3058 807 3110 mortem
832 3089 833 3092 =

142 3130 249 3192 Hostili
271 3131 370 3211 gladio
393 3135 498 3194 fraude
521 3134 646 3196 subacta
667 3131 741 3198 tulit.

18 3219 20 3242 l
98 3214 122 3273 F
124 3214 171 3275 ilia
195 3220 244 3277 cui
268 3217 378 3297 Sinope
402 3220 562 3280 succressit
586 3219 734 3297 dignaque
758 3216 845 3279 laude
1013 3225 1063 3273 855

100 3345 306 3362 Ἢ

18 3583 21 3724 ἰ

169 3416 227 3468 847.
252 3418 320 3470 Ood.
343 3418 445 3483 reginis
464 3418 579 3469 duabus.
684 3420 743 3469 851.
761 3420 801 3467 53.
830 3415 911 3481 Apud
937 3415 1065 3466 Orosium

99 3481 199 3534 nomen
215 3484 358 3551 Marpesia
376 3491 467 3537 sonat.

151 3572 244 3615 Troilus.
846 3568 862 3615 9
