2509 3917
416 213 477 268 Lib.
496 213 533 267 Il.
568 229 594 263 v.
611 214 756 267 tor—494.

154 362 277 427 Consilii
298 381 402 425 causas
424 381 439 423 a
462 362 621 424 Palamede
644 363 736 427 datas.

104 449 166 509 Hie
187 448 319 519 latronis,
343 449 393 513 ait.
417 464 481 508 mos
503 456 532 508 et
554 446 686 510 sollertia
709 448 818 527 lurum,

154 533 247 593 Noeta
269 531 444 601 latrociniis,
468 540 554 592 noete
575 549 682 594 vacare
704 533 789 594 dolis.

106 615 148 678 Ut
167 614 304 694 jugulent
326 615 472 685 homines,
494 623 623 693 surgunt
644 617 682 678 (le
704 624 792 680 noete
814 615 948 681 latrones
1022 629 1073 679 470

151 700 303 780 'l'urplbus
324 708 386 761 atra
410 697 474 760 lues
495 698 629 760 ereditur
652 719 717 762 esse
740 701 812 762 dies.

106 782 230 845 Publica
248 800 313 846 enon
334 783 446 845 audent
468 784 547 844 inter
568 792 760 846 monumenta
783 788 884 848 venite

154 867 238 930 Clara
259 886 319 929 non
340 868 455 930 fuerint
475 886 551 947 quae
573 868 722 930 celebrata
744 868 802 931 (lie.
861 881 868 885 ·

106 951 200 1013 Facta
221 951 328 1014 deoeut
349 951 505 1013 manifesta
526 953 606 1013 viros
628 955 746 1031 aperire
766 954 912 1034 proieolo,

153 1034 191 1097 lli
214 1034 324 1098 debent
345 1053 452 1115 operas
473 1053 534 1098 non
557 1038 676 1116 operire
698 1056 776 1100 suas.
1023 1050 1074 1100 475

106 1120 235 1181 Noctem
254 1122 386 1200 peooatis
404 1127 439 1180 ‘et
460 1119 613 1182 fraudibus
636 1121 723 1183 obice
746 1122 866 1193 nubem,

155 1202 264 1264 Dicunt
284 1212 437 1284 patrantes
458 1203 533 1265 olam
556 1207 622 1265 sine
644 1214 720 1268 teste
742 1208 834 1269 ueias.

107 1286 174 1348 Nos
195 1286 305 1349 claram
327 1285 447 1365 'l'rojam
470 1286 552 1349 olaro
573 1289 629 1350 sub
652 1290 718 1351 sole
738 1298 884 1371 petamus,

156 1371 259 1433 Nootis
280 1370 424 1433 militibus
445 1370 584 1434 nolumus
607 1391 672 1435 esse
694 1391 790 1452 pares.

107 1453 191 1516 {ltile
213 1454 366 1517 eonsilium
388 1454 555 1517 Palamedis
577 1474 646 1519 oum
668 1459 707 1517 sit
728 1458 896 1528 honestum,
1022 1468 1073 1519 tou

152 1539 363 1601 lnouuotauter
385 1538 476 1601 babet
497 1543 604 1601 concio
626 1548 689 1601 tota
712 1549 820 1602 ratum.

183 1734 317 1791 GRAECI
333 1734 502 1791 inmuni
519 1735 570 1790 AD
587 1736 720 1793 munus
739 1736 994 1795 TROIANORUM.

105 1855 299 1920 Proclamaut
318 1875 461 1938 proceres
482 1861 702 1935 Agamemnona
724 1858 822 1922 denuo
844 1879 956 1941 regem,

151 1940 234 2002 Vivat
255 1958 318 2012 rex,
341 1943 433 2004 vivat:
457 1944 539 2003 ouria
562 1949 622 2004 tota
645 1950 741 2004 sonat.

108 2024 240 2104 Imperat
262 2027 364 2087 accitis
386 2026 594 2105 praeconibus,
618 2034 652 2087 ut
672 2028 761 2089 simul
783 2046 888 2091 omnes

153 2109 299 2188 lnoipiant
320 2112 406 2188 signo
426 2108 490 2172 vela
513 2109 611 2171 levare
634 2112 712 2172 dato.
1020 2122 1074 2175 486

107 2193 238 2272 Ιηψθῑίο
261 2192 330 2255 laeti
352 2203 468 2273 parent,
490 2213 526 2256 ao
545 2194 625 2273 jussa
647 2196 799 2257 iacessunt

153 2277 294 2357 Quaeque
316 2276 438 2339 levanda
461 2278 568 2347 levant,
591 2297 726 2359 quaeque
748 2280 879 2359 paranda
902 2291 1018 2360 parant.

105 2361 141 2421 ln
163 2361 275 2422 bellum
296 2361 390 2423 latura
414 2362 498 2424 eibos
519 2362 661 2443 Telephis
683 2381 775 2442 regna

151 2444 246 2506 lnirat
265 2445 388 2507 honesta
410 2448 483 2507 viris
505 2464 577 2525 rege
599 2447 715 2508 volente
733 2448 819 2509 ratis.

107 2530 212 2591 Annus
234 2529 297 2590 abit
318 2530 486 2610 placitaque
510 2541 629 2593 movent
650 2530 770 2611 spiralia
793 2530 913 2594 veritum
1020 2544 1073 2594 490

149 2613 193 2674 to
217 2632 299 2675 mare
321 2623 451 2677 maturat
472 2617 585 2677 Graeca
604 2615 724 2694 juventa
747 2615 883 2693 gradum,

104 2697 145 2758 Et
166 2699 252 2775 signo
274 2699 351 2760 lacto
373 2699 452 2760 redit
473 2717 592 2770 ancora,
615 2700 738 2761 carbasa
760 2711 897 2780 surgunt,

151 2784 311 2843 antemnas
334 2783 485 2853 adhibent,
509 2784 571 2843 vela
593 2784 724 2864 repanda
747 2793 859 2864 patent.

106 2866 175 2928 iam
198 2884 283 2928 mare
305 2865 435 2928 velivolis
456 2865 516 2929 laie
539 2872 708 2932 contexitur
730 2868 784 2931 alis

173 3102 233 3152 468.
251 3098 373 3151 Gualter.
390 3100 540 3153 Alexandr.
558 3102 606 3166 IV,
624 3105 675 3156 363

208 3168 263 3218 Hio
281 3165 398 3218 latronis
416 3169 458 3218 ait
475 3184 541 3232 mos,
560 3170 630 3221 haee
647 3170 763 3222 solertia
781 3171 879 3223 iurum.

5 3223 6 3232 ¹
102 3237 165 3290 469.
182 3234 339 3285 latrociniis
358 3251 373 3285 e
391 3236 516 3300 margine
534 3252 583 3301 pro
600 3236 733 3292 latrooiis.
751 3237 1072 3301 (instetuemus.

209 3302 319 3353 Summe
336 3316 437 3369 nooers
455 3302 527 3355 dolis
546 3309 575 3352 et
592 3304 691 3356 fallere
709 3306 806 3357 fraude
825 3306 931 3357 latenti.

101 3372 164 3423 470.
181 3368 294 3420 Horatii
313 3372 357 3418 est
373 3369 491 3434 Epistol.
509 3370 532 3434 1,
551 3373 576 3436 2,
594 3374 637 3422 32.
704 3374 763 3423 472.
782 3373 876 3426 Ovidii
893 3379 936 3424 eet
946 3374 978 3422 Ε.
991 3373 1073 3426 Pont.

104 3438 128 3502 1,
149 3439 173 3500 1,
191 3437 216 3487 6.
284 3437 343 3491 tto,
365 3436 479 3489 Horatii
495 3443 537 3488 eet
556 3438 649 3503 Epist.
666 3440 688 3500 1,
708 3441 748 3502 16,
767 3442 809 3490 62.
877 3440 936 3491 484.
956 3454 1072 3503 praeeo·

103 3504 187 3555 nibus
204 3518 256 3568 pro
274 3503 469 3568 „poeoribus“.
537 3508 596 3557 486.
618 3506 732 3572 Virgilii
751 3513 794 3559 est
815 3508 884 3560 Aen.
901 3508 949 3570 IV,
967 3507 1025 3561 296.
