2509 3917
191 212 234 278 36
514 210 575 259 Lib.
593 209 615 263 Ι,
651 223 677 262 7.
697 207 842 258 tet-ror.

192 367 271 428 Eece
292 363 376 425 vides
400 362 554 425 Helenam.
600 361 734 421 Fortuna
757 359 889 420 secunda
912 356 1081 419 secundum

235 449 343 511 Mentis
364 448 551 528 propositum
574 444 644 505 lecit
665 443 777 523 ubique
799 443 907 504 locum.

195 535 259 598 Rex
281 536 322 593 ait
344 530 495 596 exultans:
520 538 551 592 et
572 548 638 608 ego,
662 529 741 609 quod
765 525 872 587 debeat
893 528 951 588 ista
1118 533 1175 582 730

236 616 361 686 Praeda,
386 618 541 684 vaticinor,
566 622 668 674 nostra
690 612 790 673 redire
812 629 909 673 soror.

194 702 327 783 inquiret
348 717 405 761 nos
427 700 559 761 Graecus
580 697 680 776 bomo,
703 714 763 757 non
787 694 900 775 absque
921 701 1069 769 restauro,

239 790 281 848 dc
303 787 361 846 erit
383 803 400 844 e
422 794 525 844 nostro
549 782 679 843 Graecia
702 784 777 842 victa
799 781 875 841 loro.

199 872 306 949 'Pergit
328 876 357 929 et
378 868 428 929 hic
451 869 554 929 oculos
576 868 685 928 mulier
707 868 875 927 castissima
897 866 992 925 siccos

239 955 285 1022 Et,
309 971 377 1015 cum
399 953 476 1012 laeta
498 954 586 1021 foret,
610 953 649 1012 sit
671 952 756 1030 quasi
779 959 891 1010 moesta
914 949 1007 1010 sedet.
1120 958 1174 1007 735

198 1039 461 1101 Consolatur-eam
484 1035 629 1104 Priamus,
653 1034 812 1113 Paridique
834 1034 981 1112 resignat;

240 1121 357 1182 'laedas
377 1122 545 1188 instituunt,
568 1121 644 1180 lesta
667 1136 772 1182 serena
795 1117 906 1180 colunt.

199 1208 245 1267 Tu
272 1205 371 1265 credis
393 1213 505 1265 castam
529 1222 604 1283 quae
627 1207 744 1264 venerit
765 1203 833 1272 buc,
857 1220 912 1280 ego
935 1217 1006 1264 vero

242 1289 467 1370 Necquidquam
491 1289 591 1359 credo,
615 1296 761 1367 pactaque
784 1287 865 1347 nulla
888 1286 974 1349 dabo.

198 1376 283 1437 Hanc
307 1374 470 1435 Cassandra
493 1373 612 1434 ridens:
637 1374 716 1433 venit
739 1372 904 1433 destructio
927 1370 1034 1450 'l'rojae
1121 1380 1176 1430 740

240 1459 279 1521 Et
300 1476 386 1520 casus
408 1458 535 1536 patriae!
558 1457 744 1518 vaticinando
767 1458 855 1516 canit.

200 1544 327 1605 Includit
348 1553 432 1623 pater
455 1545 518 1603 eius
541 1560 614 1609 eam,
639 1540 839 1601 mihilominus
861 1543 927 1619 ipsa

242 1628 392 1690 Clamitat:
416 1629 447 1687 in
470 1625 560 1706 'l'roja
583 1626 692 1686 'l'roica
714 1625 832 1686 llamma
855 1624 948 1686 sedet.

272 1787 511 1843 AGAMEMNON
528 1787 646 1841 VADIT
664 1787 871 1843 CONSOLARI
887 1785 1094 1842 Memnonen

565 1854 606 1907 IN
624 1855 804 1914 SPARTAM.

201 1962 234 2023 ln
258 1961 396 2040 Spartam
419 1967 561 2040 properat
581 1962 785 2038 Agamemnon
807 1959 844 2019 de
866 1959 990 2022 Menelai

245 2046 372 2106 Pectore
394 2055 558 2124 puncturas
579 2043 692 2123 pellere
714 2045 893 2105 moesticiae.
1122 2056 1176 2103 745

206 2129 391 2197 Consoleris;
416 2132 466 2196 ait,
489 2147 543 2208 per
565 2129 675 2190 Troica
697 2132 745 2200 sit,
767 2129 848 2197 licet,
872 2146 953 2189 arma

248 2213 388 2275 Tindaris
410 2212 516 2283 ablata,
537 2212 597 2292 jam
621 2221 794 2293 repetemus
816 2231 891 2275 eam.

205 2299 285 2360 llaec
308 2298 363 2359 tibi
384 2297 537 2365 reddetur,
562 2316 622 2358 non
645 2300 801 2378 irrepetita
824 2296 963 2366 manebit,
1249 2351 1250 2358 ,

241 2383 313 2444 non
336 2385 394 2444 erit
417 2403 432 2443 a
455 2382 624 2463 Phrygibus
649 2382 747 2442 abdita
770 2383 884 2443 Graeca
906 2399 1021 2443 manus.
1249 2363 1250 2444 i

204 2469 327 2529 Graecia
349 2467 524 2547 perdiderat
545 2464 704 2532 llelcnam;
727 2467 771 2526 sic
794 2475 823 2527 et
844 2465 904 2525 duo
926 2465 1035 2527 iratres
1124 2478 1180 2526 750
1249 2451 1250 2540 J

247 2551 324 2621 Quid
347 2568 438 2628 super
460 2550 507 2611 bis
529 2552 648 2618 iaciant,
672 2548 856 2610 consiliando
879 2548 992 2612 sedent.
1249 2545 1250 2552 '

206 2636 288 2697 Finis
310 2635 439 2694 consilii:
463 2637 578 2713 patriae
600 2643 755 2694 notescere
769 2634 898 2696 lactum.

251 2720 386 2780 Notescit
406 2717 484 2778 nulla
507 2720 700 2797 proveniente
723 2737 814 2780 mora.

206 2804 402 2865 Conveniunt.
445 2800 549 2862 Plures
572 2808 694 2881 poteras
716 2804 826 2863 vidisse
848 2803 980 2874 Quirites

247 2886 394 2948 Mentibus
416 2885 546 2947 illustres
568 2885 732 2966 militiaque
750 2888 840 2947 leves.
1126 2899 1179 2947 755
1242 2901 1246 2914 ¹

209 2970 351 3051 Impiger,
374 2971 545 3042 iracundos,
568 2969 770 3041 inexorabilis,
794 2989 863 3032 acer
929 3017 932 3023 Δ

247 3055 348 3116 Assilit
369 3055 520 3125 Aeacides,
543 3064 636 3134 tuque
657 3055 794 3116 Patrocle
816 3074 925 3117 comes.

205 3206 409 3216 ..-—-—

277 3292 336 3343 734.
364 3291 394 3339 in
411 3291 549 3355 merginea
567 3290 666 3339 ironia„
736 3292 794 3341 738.
814 3288 880 3342 Cod.
900 3295 986 3346 coste.
1057 3293 1116 3342 745.
1146 3308 1184 3342 ex
1249 3333 1250 3346 ,

206 3359 339 3421 margine,
357 3372 407 3423 pro
425 3357 530 3408 codicis
549 3357 711 3407 consuleris.
765 3360 822 3411 746.
841 3358 871 3407 in
888 3359 1025 3424 margine:
1043 3360 1100 3409 ista
1113 3375 1184 3410 oon·
1249 3383 1250 3408 l

210 3426 359 3477 solutionis
377 3426 463 3477 verba
482 3425 569 3474 irater
586 3423 707 3489 replicat
723 3429 755 3475 ut
770 3425 939 3475 moestitiam
957 3426 1048 3476 cordis
1066 3427 1131 3477 eins
1148 3426 1185 3476 li·
1249 3431 1250 3452 l

210 3494 280 3544 nial.
351 3489 409 3543 tot.
430 3490 497 3540 Cori.
509 3491 731 3542 inexorarcbilis.
751 3497 794 3541 eet
811 3492 878 3542 Hor.
897 3494 929 3547 A.
947 3494 978 3542 P.
999 3494 1057 3543 121.
