2509 3917
181 179 226 245 20
504 161 606 233 0101.
642 199 668 237 v.
686 184 831 235 neo-sos.

182 335 280 397 lverat
301 336 444 405 Antenor,
469 342 502 396 ut
525 341 643 395 nostras
664 337 729 412 ipse
752 335 888 416 querelas

225 418 337 482 Ederet
359 428 389 481 et
410 437 514 498 pacem
537 417 653 480 reddita
675 423 760 498 virgo
784 420 877 482 daret.
999 428 1001 431 ’
1107 433 1161 483 200

182 505 314 566 Proiecit
336 506 467 573 minime,
493 504 565 564 nihil
588 506 758 584 impetrarit
781 523 896 577 eorum,

225 590 285 651 Pro
308 588 415 669 quibus
438 588 473 648 ad
497 589 610 650 Graeca
633 587 718 649 litora
741 591 850 650 missus
874 598 954 659 erat;

183 673 319 753 Amplior
342 675 468 735 accessit
489 673 608 744 iniuria,
633 672 825 744 dedecorose,

226 759 373 820 Antenor!
396 756 534 818 domibus
555 765 585 817 te
606 757 746 837 repulere
769 760 843 819 snis.

182 842 248 904 Una
271 841 386 903 doioris
408 841 505 904 adhuc
527 859 587 902 non
610 848 656 902 est
678 840 804 903 obducta
827 843 960 914 cicatrix,
1105 855 1157 904 295

227 926 331 996 Cordis
353 926 450 986 adhuc
472 927 544 987 laesi
566 926 689 987 vulnera
712 927 804 988 cruda
827 935 958 989 manent.

183 1012 296 1074 Dicatis
318 1028 469 1089 proceres,
492 1010 635 1089 quidnam
659 1029 750 1089 super
772 1011 820 1072 his
842 1014 880 1073 sit
902 1013 1067 1091 agendum

225 1096 307 1164 Dico,
332 1094 527 1156 merebuntur
549 1096 575 1155 si
597 1112 664 1155 mea
687 1095 763 1156 dicta
786 1094 885 1166 fidem,

183 1179 368 1242 Obstandum
392 1181 486 1251 citius,
509 1196 576 1239 sero
599 1180 745 1241 medicina
767 1189 899 1260 paratur,

227 1265 299 1327 Cum
321 1262 399 1324 mala
421 1263 601 1343 perlongus
623 1264 776 1325 invaluere
798 1285 906 1327 moras.
1103 1278 1157 1326 300

182 1349 365 1411 Mutaremus
387 1366 472 1428 opus,
496 1348 533 1408 ad
555 1346 636 1409 nulla
659 1349 736 1411 valet
757 1349 835 1411 bona
857 1350 976 1419 tardus:

226 1433 282 1506 Qui
304 1451 363 1494 non
387 1441 432 1494 est
453 1432 552 1502 hodie,
576 1451 643 1494 cras
666 1436 765 1498 minus
787 1442 874 1513 aptus
898 1438 963 1496 erit.

183 1517 320 1582 Consulit
340 1520 482 1588 Antenor,
506 1520 583 1579 ierat
605 1519 657 1595 qui
679 1521 808 1579 nuncius
829 1518 881 1579 iilo

225 1603 336 1666 Ulcisoi
358 1602 472 1664 facinus
495 1604 693 1663 strennuitate
715 1621 830 1664 manns.

181 1688 229 1758 Et,
252 1706 304 1747 vos
326 1686 484 1747 indecores
506 1689 566 1747 nisi
588 1689 689 1747 vivere
710 1688 789 1748 sorte
811 1687 916 1758 velitis,
1101 1699 1154 1747 300

224 1768 387 1833 Consilium
410 1787 500 1849 super
524 1769 571 1830 his
592 1788 645 1830 vos
667 1788 787 1849 quoque
811 1770 869 1833 tale
894 1772 979 1834 datis.

180 1855 286 1918 Nonne
310 1856 387 1914 mori
408 1853 524 1922 melius,
547 1871 636 1934 quam
658 1858 749 1916 vitam
771 1856 881 1919 ducere
904 1858 1009 1918 mortis

222 1940 260 2000 Et
282 1955 388 2000 sensus
411 1936 553 1998 memhris
574 1938 737 2017 insepelire
759 1942 831 2002 suis.

180 2023 262 2085 Pone
285 2039 408 2083 necesse
430 2023 522 2092 mori;
546 2041 628 2084 mors
650 2022 752 2084 ultima
775 2023 856 2085 linea
877 2044 980 2087 rerum
1056 2072 1060 2076 ι

223 2107 290 2169 Non
313 2106 473 2167 metuenda
495 2109 577 2178 viris,
601 2126 684 2169 mors
706 2109 780 2169 mihi
803 2115 922 2189 tempus
944 2112 1036 2174 iners.
1102 2121 1154 2170 310

181 2192 290 2254 Multos
313 2191 476 2252 consumsit
498 2193 624 2270 ignaria,
648 2210 767 2271 semper
789 2195 900 2254 inertes

224 2277 330 2338 Dnmni
352 2276 514 2356 participes
537 2276 753 2355 dedecorisque
776 2284 905 2340 manent.

181 2362 271 2440 Ergo,
294 2360 356 2424 viri.
374 2362 482 2422 fortes!
506 2364 644 2423 strictum
666 2362 823 2441 producite
846 2361 971 2433 ferrum,

224 2447 318 2508 Ferro
341 2462 421 2507 nnnc
443 2445 600 2524 Phrygiam
624 2446 808 2523 magnificate
830 2464 962 2508 manum.

181 2532 236 2592 Hic
258 2528 343 2590 labor
364 2538 398 2589 ut
420 2531 526 2590 merita
549 2536 651 2607 tangat
672 2529 801 2591 undicta
823 2529 971 2610 Pelasgos,
1101 2541 1154 2591 315

224 2613 346 2674 Discant
367 2612 518 2673 insolitum
542 2621 643 2673 nostra
666 2631 720 2693 per
743 2633 825 2675 arma
847 2618 987 2693 iugum.-

181 2697 306 2759 Hectord
328 2704 361 2758 tu
383 2696 477 2757 maior
499 2714 530 2757 es
554 2704 634 2767 natu,
657 2715 742 2759 sume
764 2697 898 2760 laborem

223 2780 320 2861 Hujus
342 2781 495 2859 propositi,
518 2780 613 2842 iaetus
636 2783 666 2843 in
689 2802 771 2844 arma
794 2785 870 2844 veni.

250 3002 308 3051 299.
325 3001 385 3051 300.
413 2997 508 3049 Ovidii
529 3001 643 3053 Remed.
662 3002 708 3064 91,
732 3004 765 3053 92
788 3003 837 3065 qui
855 3006 959 3053 1111110111
984 3004 1153 3069 „principiis

181 3066 293 3131 obeto“,
320 3070 349 3117 et
375 3066 582 3130 ‚,convoluere“
609 3067 702 3119 habet.
788 3072 847 3121 302.
871 3070 952 3122 ovid.
976 3070 1089 3124 Remed.
1107 3074 1152 3123 94.
1247 3059 1248 3086 ¹

181 3137 242 3189 307.
261 3136 285 3186 8.
304 3134 456 3185 Moximian
472 3134 494 3197 1,
513 3136 563 3186 265
581 3150 623 3201 sq.

384 3201 473 3253 Morte
491 3203 560 3253 mori
577 3203 686 3265 melios,
707 3217 789 3268 qnam
806 3204 893 3256 vitam
912 3209 965 3256 etc.

91 3320 92 3323 Ἴ
418 3269 455 3319 nt
473 3284 571 3322 sensns
588 3270 719 3322 membris
735 3272 886 3337 insepelire
904 3274 970 3325 suis.
1247 3313 1248 3318 ,

181 3339 242 3389 309.
260 3337 361 3389 Horat.
387 3338 469 3404 epist.
489 3337 516 3399 1,
541 3338 583 3398 16,
602 3340 644 3391 70,
729 3339 858 3394 31001.
879 3356 903 3391 c.
920 3341 1002 3392 Pont.
1019 3340 1045 3399 1,
1067 3342 1097 3404 5,
1116 3342 1153 3392 44

181 3431 214 3441 -
232 3430 266 3443 ·—
283 3420 357 3471 mors
379 3405 460 3457 nobis
481 3409 588 3470 tempus
606 3404 726 3457 habetur
743 3408 827 3459 iners.
912 3409 972 3460 313.
991 3423 1007 3460 e
1024 3408 1152 3474 margine

180 3487 230 3538 pro
248 3475 382 3539 pronoite.
