2509 3917
146 229 171 276 x
553 213 708 266 Praefatio.

167 366 246 440 „Sed
270 364 391 444 Phrygii
415 373 496 426 tenet
518 365 675 428 historiam
698 366 775 429 liber
797 371 852 431 istc
876 370 1000 441 daretis,

211 452 267 524 Qui
289 458 410 529 praeter
432 467 534 511 verum
556 451 704 529 scriptitat
726 452 796 514 iude
819 453 902 515 nibil.

169 538 255 599 Hunc
277 552 389 614 sequor
411 542 490 596 etc.“

148 631 178 684 et
199 621 250 684 lib.
274 618 321 680 Vl.
343 638 368 678 v.
392 615 453 680 697
469 637 533 699 sqq.

169 704 277 777 „Nulla
301 712 457 783 poetarum
479 705 579 783 posuit
601 706 750 783 figmenta,
774 705 892 767 Daretis

211 791 372 851 Historiam
394 788 474 849 saliti
496 788 641 859 scribere,
665 807 733 850 vera
756 799 871 852 tenens.

170 876 207 937 Et
229 875 376 954 Phrygius
398 874 457 935 luit
478 872 526 934 ille
549 873 654 943 Dares,
676 882 706 935 et
727 884 862 954 tempore
884 876 954 938 belli

211 961 277 1037 lpse
299 957 418 1038 quidem
442 956 529 1018 miles
550 958 666 1040 proelia
689 953 750 1019 visa
772 961 895 1021 refert“.

232 1044 291 1106 Sed
325 1044 511 1104 narrationes
543 1050 588 1116 etx
605 1043 801 1105 allocutiones
836 1063 920 1106 more
956 1055 1113 1126 poetarum

147 1131 348 1195 intercalavit,
381 1145 457 1206 quae
490 1145 506 1187 a
534 1130 658 1188 veritate
693 1146 752 1189 non
782 1130 952 1210 discrepare
986 1140 1015 1191 et
1046 1150 1115 1193 cunr

141 1214 258 1275 llarete
281 1213 345 1294 (cfr.
368 1211 420 1272 lib.
443 1211 490 1273 lli.
510 1231 536 1272 v.
557 1209 618 1272 241
635 1213 709 1292 sqq.)
733 1232 900 1292 congruere
923 1214 1114 1278 videbantur:

90 1369 95 1374 ,
169 1299 276 1369 „Hunc
312 1297 471 1375 (Daretcm)
508 1316 619 1376 sequor
655 1297 794 1359 adhibitis
834 1300 985 1361 interdum
1022 1301 1115 1362 rerba

596 1399 729 1444 virorum

211 1467 330 1539 Quaere
352 1463 550 1546 loquebantur
572 1466 618 1527 vel
642 1474 766 1545 potuere
789 1466 881 1548 loqui.

102 1599 113 1610 „
170 1552 302 1613 Ponatur
323 1550 403 1632 quod
427 1549 511 1611 ethi
533 1569 592 1612 non
616 1554 678 1612 sint
700 1571 734 1613 ea
756 1553 834 1612 forte
856 1552 957 1622 locuti,

213 1637 325 1697 Causae
348 1637 513 1715 praesentis
536 1645 606 1696 sunt
626 1643 728 1698 tamen
750 1645 817 1716 apta
839 1640 917 1698 rei“.

235 1720 389 1799 Virgilium
421 1728 452 1780 et
483 1718 647 1780 Homerum
677 1721 868 1782 vehementer
901 1721 940 1782 ob
971 1723 1114 1789 fictiones,

148 1814 182 1867 ut
204 1806 294 1866 eliani
325 1803 425 1884 Dictys
453 1811 482 1863 et
504 1802 600 1864 Cnido
631 1803 668 1864 de
691 1804 833 1867 Columna
861 1806 1005 1876 fecerant,
1041 1809 1114 1868 vitu·

151 1897 251 1970 perat,
280 1889 310 1950 id
333 1888 412 1967 quod
441 1885 523 1948 locus
546 1887 598 1949 lib.
622 1887 662 1948 lll
685 1909 712 1948 v.
734 1886 807 1952 217.
830 1886 893 1952 227
909 1910 974 1971 sqq.
998 1891 1034 1951 de
1056 1890 1115 1951 llo·

148 1974 217 2035 lone
240 1980 269 2034 et
291 1973 382 2034 Rhesi
405 1974 488 2053 equis
510 1974 582 2033 satis
605 1973 702 2043 docet,
724 1973 774 2034 ubi
797 1974 882 2035 dicit:

172 2057 449 2141 ‚.Trojanos‚'quo's
471 2056 647 2136 prodiderit,
671 2059 815 2119 mentitur
837 2059 1009 2122 Homerus‘

170 2143 253 2215 „llos
274 2142 409 2221 rapuisse
432 2140 530 2209 simul,
554 2160 629 2222 quos
651 2141 732 2204 nulla
756 2145 857 2221 perire
880 2147 986 2222 sagitta

213 2227 316 2287 Posset
337 2225 503 2304 nubigenos
525 2225 573 2286 hic
596 2228 897 2307 memoravitequos.
933 2287 936 2291 .

173 2310 359 2374 Crediderim
383 2312 425 2371 sic
448 2310 578 2371 dicentii
600 2312 667 2391 quis
690 2311 768 2372 nube
791 2322 906 2373 creatos
979 2363 984 2374 .

212 2397 238 2456 d'
257 2397 356 2475 prImo
379 2393 482 2456 mundi
505 2401 640 2475 tempore
664 2395 736 2457 vidit
758 2398 870 2476 equos?

171 2480 236 2541 Non
259 2482 369 2541 mirorl
393 2478 504 2559 majora
527 2488 626 2540 movet
648 2480 802 2541 mendacia
825 2480 914 2551 bello,

213 2567 264 2628 Isti
287 2585 379 2644 quum
401 2565 477 2623 duos
498 2571 601 2624 narret
621 2564 725 2625 adesse
748 2564 829 2625 deos.

171 2651 229 2712 Pro
251 2650 355 2710 Pelide
377 2649 488 2715 Thetis,
512 2665 567 2726 pro
588 2649 711 2710 Graecis
733 2649 812 2709 luno
836 2651 947 2711 latetur

213 2734 250 2795 El
272 2734 350 2814 quod
374 2748 428 2811 pro
450 2731 557 2792 Paride
580 2735 707 2794 moverit
729 2751 810 2793 arma
834 2733 942 2795 Venus.

171 2821 330 2880 Praeterea
354 2824 437 2877 recto
459 2834 519 2876 non
543 2819 653 2878 cecinit
674 2819 779 2879 ordine
805 2816 914 2879 bellurn

216 2906 271 2966 dut
293 2920 309 2962 a
333 2900 486 2971 militibus
510 2903 562 2981 qui
584 2903 728 2972 cecidere.
753 2901 869 2982 quibus.

172 2987 254 3047 Hanc
276 3004 393 3066 quoque
418 2987 570 3047 materiam
593 2988 732 3065 figmenta
755 2989 869 3063 poetica
892 2986 1003 3048 nebant

215 3070 298 3131 Siout
319 3071 461 3148 Virgilius
484 3089 565 3132 arma
588 3073 744 3152 virumque
768 3083 910 3132 canens‘.

236 3154 443 3225 Narrationes,
473 3175 546 3235 quas
567 3155 708 3219 libertus
735 3154 892 3216 intercalat
914 3155 1030 3225 Dareti‘,
1061 3154 1117 3214 hae

151 3249 233 3301 sunt:
273 3242 511 3317 Argonautarum
544 3242 695 3319 migratio,
726 3242 842 3302 tasonis
872 3243 947 3300 lacta
981 3239 1115 3305 heroica,

153 3324 288 3402 dialogus
311 3328 391 3384 inter
413 3324 550 3386 Paridem
573 3336 603 3386 et
624 3325 777 3395 Helenam,
800 3325 914 3386 reditus
934 3324 1115 3385 Graecorum

157 3407 329 3488 (secundum
353 3409 476 3488 Dictpm)
501 3420 530 3470 et
557 3408 612 3470 alia
642 3427 717 3486 quac
746 3419 844 3470 tamen
868 3411 952 3489 parvi
974 3408 1117 3470 momenti

151 3503 231 3554 strat.
270 3493 361 3555 Libro
385 3497 498 3571 quinto,
522 3494 572 3553 ubi
589 3494 773 3554 Penthesilea
790 3492 910 3573 ‘frojam
934 3494 1022 3562 venit,
1045 3510 1116 3572 pro-
