2509 3917
410 199 473 248 uu.
491 198 526 253 11.
563 216 588 253 v.
607 201 750 254 rae-rra.
1026 198 1068 263 65

144 350 271 411 Brachia
296 368 440 412 mucrone
462 350 618 411 deliciante
640 361 747 412 moret.

97 436 286 496 Lentesount
307 453 404 503 arcus
427 435 590 495 tenduntur
612 437 731 496 sortiter
753 444 846 506 artus,
1018 447 1067 496 745

144 521 180 580 Et
203 519 336 596 quamvis
355 517 467 596 jaciant
487 517 584 597 jacula
607 519 696 583 corda
719 520 829 582 rolant.

98 603 159 663 Hic
180 603 274 664 lortes
296 605 380 680 quasi
402 606 515 681 grando
537 611 637 674 ruunt,
661 605 745 664 luror
767 623 848 665 arma
872 607 1029 681 ministrat,

144 688 225 748 Mors
247 688 313 748 lluit
334 689 364 747 in
387 687 476 767 plebe
498 705 581 747 more
603 686 725 749 liuentis
747 707 849 768 aquae.

101 773 234 850 {mpiger
257 771 440 842 Antilochus,
462 771 632 832 Protbcnor
653 773 784 854 itemque
806 775 913 834 Bootes

144 856 219 917 Tres
242 876 257 915 a
280 857 372 917 solius
394 856 533 917 Hectoris
556 874 627 917 ense
651 856 768 918 cadunt.
1017 868 1067 916 roo

98 941 190 1002 Certe
212 958 268 1021 pro
291 941 402 1001 timidis
423 943 623 1002 intercessere
647 940 799 1002 tenebrae.

145 1025 209 1085 ilex
229 1023 314 1103 jubet
335 1027 366 1085 in
389 1026 545 1104 proprium
569 1044 717 1105 quemque
740 1025 840 1088 redire
862 1026 970 1088 locum.

97 1238 319 1294 CONIURANT
338 1238 472 1293 cernor
491 1238 613 1293 onnus
637 1239 678 1293 ru
701 1206 881 1294 necemus
899 1239 1066 1294 uonrnu.

101 1379 197 1440 Nocte
220 1387 307 1439 vocat
327 1395 469 1456 proceres
492 1381 695 1455 Agamemnon
718 1388 747 1438 et
768 1379 846 1438 inter
868 1378 988 1439 eosdem

145 1462 251 1542 Coepit
273 1461 310 1520 de
333 1458 403 1522 belli
424 1459 543 1523 volvere
566 1461 654 1523 rerba
678 1469 765 1522 statu.

13 1612 14 1625 χ
101 1547 181 1606 Ecce
203 1546 317 1616 ridetis,
341 1546 390 1613 ait.
414 1546 493 1624 quod
518 1553 638 1607 nostrae
660 1545 754 1623 gloria
777 1546 873 1622 gentis
1017 1555 1066 1604 rat

13 1638 14 1645 ’
145 1630 211 1690 Jam
234 1629 314 1691 cadit
336 1628 375 1690 ob
396 1629 517 1703 validos,
542 1632 593 1706 qui
616 1630 762 1698 cecidere,
784 1629 885 1690 ducos.

98 1713 240 1784 Quotidie
261 1715 391 1774 ruimus:
414 1715 477 1774 ruit
497 1713 576 1776 illico
599 1712 809 1775 Protbesilaus.

147 1799 199 1858 Est
220 1796 273 1859 ubi
295 1796 468 1859 Patroclus?
489 1805 623 1858 mortuus
645 1796 827 1860 Antilochus

102 1882 141 1943 Et
164 1883 233 1961 quid
258 1882 295 1942 de
317 1881 412 1942 valido
432 1880 629 1963 Protbenore,
653 1885 740 1945 cuius
761 1886 790 1943 in
813 1885 906 1944 armis

146 1968 229 2028 biens
250 1967 384 2026 animosa
408 1965 471 2036 luit,
495 1968 603 2047 quidve
625 1967 717 2042 Boete
739 1968 864 2045 loquor?
1016 1978 1067 2026 tto

100 2051 168 2112 Non
192 2049 321 2125 mihiel
343 2050 461 2127 linguae
484 2058 603 2112 centum
625 2052 694 2127 sint,
717 2069 830 2131 oraque
853 2062 983 2127 centum,

145 2137 274 2195 Amissos
296 2151 438 2214 proceres
459 2153 637 2196 enumerare
659 2155 776 2216 queam.

100 2219 139 2280 Et
162 2219 239 2296 quod
262 2220 299 2279 de
321 2217 409 2297 plebe
431 2222 588 2298 perierunt
609 2218 692 2282 milia
715 2220 811 2299 plura,

145 2303 189 2363 lle
212 2320 339 2364 numero
361 2303 440 2380 vulgi
463 2305 574 2364 mentio
597 2303 678 2364 nulla
702 2304 783 2364 mibi.
818 2323 820 2326 ’
1022 2364 1024 2367 ,

99 2388 245 2447 Venimus
267 2387 302 2448 ad
326 2386 471 2466 Phrygios
493 2387 596 2448 ulcisci
618 2387 728 2467 probra
750 2385 883 2455 colonos,
1016 2396 1066 2446 tot

142 2473 319 2533 Tractamus
341 2489 395 2550 per
417 2489 508 2550 aquas
529 2471 712 2551 proficiendo
736 2468 810 2531 nibil

101 2557 180 2618 llum
203 2557 322 2635 loquor;
346 2574 418 2618 ecce
439 2555 562 2617 trahunt
582 2555 694 2634 rigidas
716 2557 847 2634 suspiria
869 2554 960 2615 libras

145 2640 184 2700 Et
204 2639 280 2701 bibit
300 2641 427 2701 interior
449 2642 547 2700 omnia
570 2640 661 2701 rcrba
684 2640 779 2701 dolor.

101 2728 125 2784 A
150 2723 215 2784 solo
236 2725 365 2804 patimur
387 2726 444 2786 boc
466 2723 597 2786 dedecus
617 2724 755 2793 Hectore,
780 2723 908 2785 Graecas

143 2808 241 2877 Solus,
264 2808 340 2888 prob
362 2809 488 2869 lacinus!
510 2811 554 2869 vir
577 2816 658 2870 secat
678 2811 735 2870 iste
758 2826 859 2886 genas.
899 2845 907 2869 ›.
1014 2817 1065 2866 tto

100 2892 270 2954 Consilium
289 2892 441 2973 praebete,
463 2892 562 2960 duces,
586 2893 697 2965 audite,
720 2894 791 2970 quid
813 2895 870 2954 isto

142 2978 208 3038 lam
231 2995 322 3055 super
343 2977 468 3038 articulo
491 2979 546 3038 sim
570 2977 732 3039 meditatus
754 2994 820 3054 ego.

13 3128 14 3147 χ
99 3062 242 3123 Hectoris
263 3064 295 3121 in
316 3061 453 3141 jugulum
472 3061 618 3124 ferventis
640 3069 701 3135 tota
722 3060 862 3141 juventus

13 3150 14 3157 ’
142 3146 250 3207 Dorica
272 3147 434 3225 conspiret.
472 3144 601 3214 Dixerat,
624 3145 714 3226 idque
735 3146 838 3225 placor.

95 3318 147 3327 ...-

168 3416 225 3471 748.
244 3431 318 3467 moro
334 3415 429 3469 fluent.
448 3430 492 3479 sq.
522 3413 574 3466 Or.
586 3416 638 3466 Ars
650 3416 702 3478 111,
721 3417 765 3466 62.
833 3417 892 3465 762.
912 3411 1065 3476 emarcus

95 3485 152 3535 loc.
170 3499 234 3549 pro:
252 3499 340 3539 enum.
951 3497 956 3522 κ
1065 3513 1068 3521 .

148 3571 243 3615 Troilus.
846 3564 862 3614 b
