2509 3917
405 215 466 265 nto.
485 215 532 266 vr.
569 234 595 268 v.
614 220 760 269 eoo-oar.
1009 219 1068 282 lii

98 370 203 448 lllitius
225 368 327 427 inveni
349 384 437 444 quam
462 376 490 426 te
513 382 607 443 genus
630 386 718 430 omne
740 370 881 439 terarum,

143 450 289 513 Antenor!
311 448 417 511 similis
439 457 484 512 ost
506 450 559 511 libi
581 450 681 513 nullus
703 456 788 533 aper!
1018 466 1069 514 310

99 534 225 604 Urbem,
242 539 326 611 ‘quae
348 533 442 595 multo
464 536 594 596 surrexit
616 537 652 598 ad
676 547 753 598 astra
776 537 887 609 labore,

146 620 209 680 Una
232 618 330 679 fecisti
353 626 441 680 nocte
463 619 572 698 perire,
596 620 682 701 lupe!

99 702 180 765 Urbs
204 701 291 772 bona,
315 701 457 765 nobiliter
479 712 601 765 steterat
623 723 701 785 quae
722 704 860 786 pluribus
882 709 977 778 annia,

142 788 211 848 Flos
233 787 330 858 Asiae,
353 786 475 867 Trojirm
498 788 608 867 gloria·
627 807 743 867 gemma
766 790 926 869 Phrygum,

98 872 214 932 Hortus
235 873 375 940 tironum,
399 889 557 949 procerum
580 891 660 945 rosa,
682 874 741 935 lilia
765 892 879 953 regum,
1018 886 1068 933 315

143 955 256 1035 Pompa
278 953 455 1033 puellarum,
479 960 595 1018 mansio
618 971 702 1035 grata
726 959 845 1029 (lucum,

98 1037 215 1101 Auxilii
237 1057 351 1109 murus,
374 1042 489 1119 patriae
511 1043 658 1103 tutissima
681 1046 781 1112 turris,

144 1122 336 1184 Omiserlo
359 1123 466 1194 subito,
490 1131 518 1184 te
541 1129 708 1204 perimente
734 1131 822 1207 perit

98 1208 203 1286 Turpe
225 1203 356 1287 quidem
371 1208 458 1278 dictu,
482 1209 540 1270 sed
557 1211 692 1273 simodo
716 1230 785 1272 vera
809 1214 946 1280 latemur,

143 1291 266 1353 Saevior
290 1301 335 1352 est
357 1295 456 1353 animo
479 1295 579 1373 vipera
601 1294 682 1355 nulla
705 1303 766 1356 tuo
1017 1306 1069 1353 320

97 1376 266 1456 luppiter
258 1393 289 1437 ro
312 1376 422 1437 multos
444 1380 601 1439 temeraria
624 1380 749 1440 fulmina
772 1388 900 1455 torquet,

141 1460 199 1531 Qut
221 1476 358 1539 poenam,
382 1479 471 1541 qnam
494 1469 535 1530 lu,
559 1481 618 1523 non
643 1481 781 1524 mernere
803 1465 873 1541 pati.
909 1463 911 1468 ’

97 1546 145 1605 'l'o
168 1562 285 1623 qnoque
308 1544 493 1623 Polydamas,
517 1545 567 1624 riui
589 1547 680 1606 verba
702 1547 830 1608 nolamla
852 1547 982 1617 ferebas,

69 1675 73 1682 .
114 1657 120 1662 ,
142 1628 247 1688 Nonne
267 1629 342 1689 ieris
363 1632 458 1690 saevis
480 1628 546 1709 plus
568 1629 696 1690 lenitatis
717 1630 828 1693 habes?

97 1712 206 1773 Prodis
228 1714 258 1771 in
279 1720 408 1773 mortem
431 1731 540 1790 pueros
560 1713 743 1793 juvenesque
765 1733 921 1794 senesque,
1017 1726 1068 1773 325

148 1797 181 1856 ln
205 1796 313 1876 quibus
336 1806 365 1856 et
388 1796 522 1866 recubas,
545 1801 662 1869 moenia
687 1800 764 1860 clara
788 1817 913 1861 cremas.

98 1880 196 1951 Quem
217 1880 291 1941 libet
312 1889 376 1941 acta
399 1880 541 1961 probant,
572 1893 599 1943 et
623 1883 692 1962 quid
717 1901 776 1944 non
798 1884 934 1964 proditor
959 1884 1068 1945 audet?

142 1964 296 2043 Terraque
320 1965 356 2025 de
379 1967 486 2033 l'ruotu,
509 1984 596 2043 quam
620 1970 659 2026 sit
680 1986 790 2037 amara,
814 1968 910 2030 docet.

96 2048 183 2119 Quae
205 2067 290 2125 seges
313 2050 422 2111 inlecta
445 2060 546 2129 surget
568 2068 627 2109 non
651 2050 773 2112 decolor
795 2051 898 2120 herba,

140 2131 256 2193 Arbore
279 2133 315 2193 de
339 2134 418 2195 dulci
443 2135 537 2195 duloia
561 2151 650 2214 poma
670 2135 790 2196 cadunt.
952 2156 956 2164 ·
1015 2145 1067 2194 330

98 2217 218 2287 Nescio,
241 2225 391 2278 tantorum
414 2237 480 2278 oum
504 2222 542 2278 sit
563 2221 708 2297 pincerna
730 2219 885 2294 malorum,
1156 2224 1158 2226 ’

143 2300 283 2361 Carmine
306 2317 364 2378 quo
386 2304 494 2379 iungar
516 2306 547 2361 io
569 2310 621 2363 tua
644 2304 702 2363 lata
725 2303 824 2363 leroxl

100 2385 138 2444 Ill
160 2384 217 2445 tibi
238 2385 309 2445 dent
331 2387 476 2463 sociisque
499 2390 559 2447 luis
581 2389 764 2465 inopemque
787 2396 946 2456 senectam,

143 2468 181 2529 ΕΙ
202 2469 306 2547 longas
329 2468 452 2539 hiemes,
475 2479 711 2549 perpetuamque
733 2472 821 2530 sitim.

283 2615 286 2620 ’
305 2615 487 2683 [PYRRHUS
505 2615 673 2671 OCCUPAT
691 2617 861 2686 Poterant]

98 2719 265 2799 Egrediens
288 2723 318 2781 in
342 2729 437 2782 castra
461 2722 554 2782 Sinon
578 2722 677 2784 andita
700 2731 842 2802 reportat,
1018 2733 1067 2782 335

144 2806 206 2866 Rex
230 2822 296 2864 oum
314 2804 491 2884 Grajugenis
513 2807 629 2884 singula
653 2806 742 2867 verba
766 2815 863 2877 notat;

168 2956 226 3006 309
246 2954 342 3005 Ovidii
360 2963 402 3007 est
419 2955 532 3007 Heroid
551 2956 586 3020 X,
606 2959 629 3009 1.
742 2960 801 3010 310
821 2957 925 3022 Margo.
955 2959 1066 3010 Invehi-

98 3023 193 3072 turm
210 3024 384 3073 Antenorem.
471 3026 529 3079 321.
547 3025 590 3079 22
608 3023 723 3075 oviue
726 3026 832 3075 ..Pont
849 3024 901 3086 ΙΙΙ,
919 3025 945 3087 t,
964 3027 1005 3077 nt.
1024 3027 1067 3087 28,

100 3090 151 3140 ubi
168 3094 261 3140 tamen
279 3089 413 3140 secundus
431 3105 528 3141 vorsus
546 3096 639 3141 annot:

270 3158 324 3219 Qui
343 3173 458 3223 poenam
475 3157 576 3222 eulpae
593 3173 649 3208 non
667 3173 789 3209 menoare
805 3159 873 3223 pati

99 3225 159 3275 323.
178 3224 287 3290 Margo:
305 3224 452 3276 Invehitur
468 3225 498 3274 in
517 3224 754 3288 Polydamantem.
811 3229 869 3277 327.
889 3225 971 3276 Ouid.
990 3226 1066 3276 Faot.

97 3291 135 3354 ΙΙ,
153 3293 212 3342 331.
231 3291 296 3357 qnid
314 3308 369 3342 non
386 3307 463 3343 amor
478 3292 618 3357 improbus
636 3291 729 3347 audet.
824 3293 905 3344 ovid.
922 3307 945 3345 a.
964 3294 994 3342 P.
1014 3293 1069 3353 ΙΙΙ,

97 3361 124 3422 8,
146 3359 186 3410 13.
256 3362 314 3411 333.
333 3362 375 3410 34.
394 3360 446 3414 Ov.
464 3358 524 3415 Am.
542 3360 565 3411 Ι.
585 3361 610 3423 8,
632 3362 689 3411 113.
708 3363 741 3411 14

184 3426 222 3476 Di
242 3426 294 3477 tibi
312 3428 375 3477 dent
392 3426 537 3492 nullosque
556 3427 639 3490 lares,
655 3429 818 3492 inopemque
836 3430 977 3479 senectam

218 3496 255 3544 nt
273 3494 371 3560 longos
390 3499 444 3550 eto.

151 3573 245 3617 Troilus.
764 3557 765 3560 Ἰ
832 3579 863 3627 12
