2509 3917
437 158 498 209 Lib.
516 158 566 209 111.
602 175 628 213 v.
648 160 791 215 tte-510.

170 310 246 374 vitia
269 312 434 371 contemnit
456 317 485 370 et
507 311 640 389 preciosa
664 290 772 372 subit(
879 310 883 317 ’

124 397 232 457 Vicisti
255 394 365 456 multos
388 403 417 455 et
436 394 497 473 Jam
520 396 648 455 vinceris
670 395 706 456 ab
731 414 789 456 uno

171 482 221 542 Sic
245 486 364 540 versant
386 478 506 539 dubiam
528 478 636 539 frivola
658 480 717 540 iata
739 490 845 541 rotam.
1047 492 1104 542 480

265 625 327 681 HIC
344 624 493 680 HECTOR
511 623 709 681 OOCIDITUR
726 626 775 680 AB
793 626 961 683 ACHILLE.

126 730 312 797 Priamidem
335 729 414 791 dolet
436 729 588 810 Aeacides,
610 739 654 792 tot
676 739 813 793 sternere
837 733 960 812 Grajdm

171 819 310 894 Agmina,
332 823 435 893 totque
458 814 566 875 ducum
589 816 717 892 perdere
739 825 842 895 pensat
866 837 944 878 eum.

124 902 318 982 Appropians
339 899 431 976 igitur
452 898 568 960 hastam
591 903 736 961 contorsit
757 902 788 961 in
810 902 937 973 hostem,
993 896 996 901 ’

172 986 309 1047 Occursu
332 983 429 1063 clypei
451 981 537 1044 miles
559 983 660 1061 abegit
683 1002 758 1045 eam.

127 1071 196 1133 Non
218 1070 340 1146 impune
362 1073 461 1127 tanam
483 1067 640 1129 descendit
661 1068 764 1129 lancea
786 1070 910 1139 Graeca,
1045 1079 1099 1130 485

172 1150 300 1232 Trojana
322 1169 391 1212 mox
414 1160 460 1211 est
481 1149 530 1211 illa
552 1155 677 1213 remissa
700 1170 799 1215 manu.

126 1238 268 1300 Hectoris
289 1237 319 1295 in
343 1236 456 1312 galeam
479 1254 651 1297 mucronem
675 1238 765 1298 mittit
786 1237 926 1309 Achilles,

73 1398 76 1403 ⁶
173 1320 223 1382 llla
246 1319 379 1379 sonando
402 1327 514 1398 crepat,
539 1339 600 1382 non
622 1320 695 1381 levis
717 1324 795 1382 ictus
818 1332 893 1383 erat.

124 1405 250 1469 Casside
273 1422 341 1465 mor
364 1403 474 1464 Hector
496 1408 528 1463 in
550 1422 665 1466 summa
688 1407 781 1483 tangit
803 1405 959 1475 helrillem.

171 1489 297 1567 Respuit
320 1488 393 1547 haec
413 1488 515 1557 ictum,
540 1489 591 1548 sed
615 1489 696 1549 dedit
718 1490 775 1550 icta
798 1506 914 1551 sonum.
1050 1499 1103 1549 400

128 1574 232 1637 Elevat
254 1571 396 1632 Aeacides
418 1571 551 1632 lunatum
576 1571 674 1633 denuo
696 1572 821 1642 ferrum,

174 1657 310 1719 Hectoris
332 1663 365 1716 ut
386 1655 507 1717 nitidam
532 1655 644 1716 dividat
666 1673 737 1717 ense
758 1656 869 1734 gulam.

125 1744 248 1820 Excipit
270 1739 401 1801 umbone
421 1739 541 1818 juvenis
564 1739 729 1801 Priameius
751 1743 852 1808 ictum,

171 1828 344 1887 Macronem
367 1824 464 1884 vibrat
485 1833 515 1885 et
536 1823 665 1886 referire
687 1833 780 1904 parat.

126 1912 206 1973 llum
227 1909 342 1978 relerit,
367 1909 472 1969 Graeci
495 1907 602 1970 collum
626 1909 810 1971 discendere
828 1914 955 1990 quaerit,
1048 1920 1100 1968 405

168 1994 231 2054 Sed
256 1994 387 2054 Graecus
409 1992 497 2064 cedit,
520 2011 588 2053 aera
612 2013 717 2054 mucro
739 1994 815 2055 ierit.

123 2081 264 2159 *Graecus
285 2080 357 2137 item
380 2075 509 2154 gladium
532 2094 673 2154 magnum
696 2079 806 2139 virtute
829 2076 957 2140 levatum

172 2164 280 2238 Dirigit
301 2163 332 2222 in
355 2161 475 2229 Troem,
499 2161 617 2223 scindat
638 2170 671 2222 ut
693 2181 764 2223 ense
787 2163 905 2240 pedem.

130 2246 267 2309 Detrahit
288 2244 338 2305 ille
361 2245 475 2322 pedem,
501 2253 598 2306 tamen
622 2263 693 2306 ense
717 2245 888 2306 reverberat
911 2265 1023 2316 ensem,

171 2330 283 2391 Reddit
304 2347 358 2407 per
380 2327 479 2389 simile
502 2347 557 2407 pro
580 2331 643 2389 vice
666 2332 791 2409 quisque
815 2332 919 2390 vicem.
1048 2339 1099 2388 500

127 2417 202 2476 Sese
224 2412 368 2473 collidunt
390 2413 475 2473 nitidi
496 2415 659 2492 perniciter
682 2431 778 2482 enses,

170 2500 226 2560 Hic
248 2498 328 2568 ferit,
351 2496 401 2557 bio
421 2497 535 2567 referit,
560 2508 687 2576 utraque
709 2515 805 2558 massa
827 2497 936 2558 fremit.

13 2660 15 2667 Α
127 2583 262 2661 Serpens
284 2588 454 2660 serpentem
477 2581 604 2651 mordet,
627 2583 671 2641 sic
694 2598 798 2642 mucro
821 2598 1011 2656 mueronem;

167 2667 250 2727 'Dens
272 2684 289 2725 a
312 2665 401 2726 dente
422 2667 510 2742 riget,
535 2667 615 2726 ensis
638 2664 675 2726 ab
698 2683 769 2726 ense
791 2667 874 2726 nitet.

129 2751 231 2828 Longe
253 2756 422 2826 spectantes
445 2750 539 2811 oculis
561 2751 688 2810 referire
711 2747 848 2810 valebant
1047 2756 1099 2808 505

170 2832 313 2911 Fulgura,
338 2850 415 2911 quae
436 2832 526 2911 gladii
549 2835 620 2894 solis
642 2837 674 2894 in
697 2836 767 2912 igne
790 2833 907 2899 dabant.

128 2917 286 2994 Argolicus
310 2916 463 2997 chalybem
486 2920 606 2996 stringit
627 2935 806 2994 percurrere
829 2917 949 2987 Troum,

171 3001 314 3080 Ohjeotus
337 3004 408 3062 item
425 3005 562 3079 protegit
582 3002 674 3063 umbo
697 3003 811 3062 ducem.

129 3086 223 3147 letum
246 3084 396 3164 Trojanus
418 3095 573 3165 acceptum
595 3086 723 3147 reddere
745 3088 829 3147 nisus

170 3170 203 3229 ln
226 3169 324 3230 femur
346 3168 517 3248 Argolicum
541 3168 676 3231 vulnerat
698 3189 769 3231 ense
791 3172 919 3231 virum„
1048 3179 1099 3228 510

194 3373 254 3422 480.
273 3375 364 3422 rotam
382 3389 397 3422 e
415 3372 538 3436 margine
556 3388 605 3437 pro
625 3370 683 3421 cod.
703 3371 839 3434 ,‚fatem“.
925 3371 984 3418 490.
1003 3369 1062 3418 ictu
1081 3385 1097 3420 e

128 3439 252 3504 margine
271 3453 321 3504 pro
341 3439 401 3492 eod.
419 3440 479 3490 ille.
559 3441 618 3490 401.
637 3454 739 3505 margo.
759 3439 841 3489 Aeac.
860 3435 994 3487 Achilles.
