2509 3917
194 182 236 248 53
511 182 573 237 nn.
592 181 629 233 u.
665 198 691 237 v.
709 172 852 233 oei-eoo.

272 331 366 401 mco
385 328 493 386 rems
516 327 801 451 unaffiffinu
824 329 955 385 ceruus
979 291 1091 384 cruce

196 505 321 582 Strages
343 504 460 564 interea
481 501 515 564 dt
535 503 673 572 marimo,
694 502 776 564 nulla
799 503 935 583 prolecto
1015 501 1027 528 ⁹

239 588 307 650 Otia
329 587 380 648 dat
402 585 492 655 bello,
514 588 606 648 saevit
628 585 739 666 ubique
762 605 876 648 mucro.

196 673 280 735 Alter
301 671 451 733 Homerus
473 690 526 732 ero
544 670 593 733 ,rel
616 671 721 732 eodem
744 671 839 749 major
859 672 991 733 Homero

241 757 271 817 si
293 755 349 817 tibi
372 755 555 817 subnumero
577 772 705 836 corpora
728 764 820 817 strata
841 756 936 817 lerro.

196 839 321 903 Advolat
342 843 374 901 in
397 838 535 902 Paridem
558 839 719 907 Menelaus.
743 838 846 901 atille
868 841 1032 920 resumptis
1118 847 1165 897 ott

242 923 365 988 Viribus
387 923 516 994 obsistit.
540 940 612 985 acer
633 932 761 1003 uterque
782 923 847 985 luit.
1235 922 1236 929 ’

200 1012 399 1078 Concurrunt,
423 1008 589 1086 stridetque
611 1027 716 1069 mucro
739 1025 884 1070 mucrone
907 1025 1035 1069 corusco
1235 1064 1236 1075 ,

241 1095 351 1173 Virque
373 1095 432 1154 viri
453 1094 532 1153 vires
553 1092 724 1153 interiendo
744 1091 863 1173 probat.
1234 1075 1237 1203 l

180 1180 335 1257 'Cumque
357 1177 441 1238 Paris
462 1185 556 1238 totum
579 1195 613 1238 se
634 1176 745 1256 colligit
765 1180 798 1238 in
821 1174 985 1238 Menelaum

241 1262 300 1323 Per
322 1261 419 1323 lemur
441 1262 547 1322 effecto
569 1261 693 1322 vulnere
715 1262 778 1340 ligit
801 1279 879 1321 eum.

200 1349 309 1411 Acrius
330 1346 460 1408 instabat
482 1362 597 1407 memor
619 1346 783 1423 {mulctatis
804 1344 922 1406 Atrides

243 1431 280 1493 Et
301 1433 405 1493 stricto
427 1432 546 1509 gravius
568 1432 677 1509 inpetit
699 1447 769 1490 ense
792 1430 898 1490 virum.

167 1524 173 1533 “
199 1516 312 1579 lctibus
333 1515 500 1577 innumeris
523 1514 642 1574 tandem
666 1513 836 1593 compulsus
859 1513 975 1574 adulter

243 1600 365 1661 inchoat
387 1602 535 1661 incestum
557 1609 640 1660 retro
662 1598 777 1660 referre
799 1598 923 1678 pedem:

205 1683 299 1753 Quem
321 1685 458 1765 sequitur
479 1682 577 1760 rigido
599 1683 750 1745 Menelaus
769 1685 801 1743 in
823 1685 940 1762 agmine
961 1681 1054 1748 terro,
1120 1688 1169 1738 tto

245 1766 327 1829 lllius
349 1769 451 1829 enisus
473 1784 544 1827 ense
566 1784 670 1829 secare
692 1776 788 1846 caput.

203 1855 241 1914 tt
261 1870 314 1913 sua
337 1869 398 1912 non
421 1869 539 1930 semper
561 1853 697 1934 sequitur
717 1852 881 1932 primordia
904 1851 987 1918 linis:

244 1934 326 1997 Orba
347 1936 380 1996 tlt
401 1953 473 1996 ense
496 1953 601 1997 manus
622 1937 722 1997 caedis
745 1953 831 1997 avara
854 1936 955 1996 nimis.

208 2020 273 2082 Non
295 2019 364 2080 ideo
382 2018 531 2099 juvenem.
555 2024 690 2100 quamvis
712 2038 816 2081 mucro
839 2018 938 2098 lapsus
961 2018 1086 2085 abisset,
1239 2090 1240 2103 χ

245 2104 367 2172 Desinit,
390 2111 543 2182 arreptum
566 2106 649 2165 crine
671 2122 725 2183 per
747 2121 814 2165 arva
838 2102 939 2164 trahit.
1120 2109 1171 2160 840

202 2188 280 2250 Huic
302 2196 367 2249 erat
389 2186 519 2267 adjutrix
541 2185 640 2267 djaois
663 2189 783 2249 dextera
806 2187 903 2256 Locri,

246 2272 345 2334 Aurea
368 2274 514 2333 caesaries
535 2271 743 2351 pulverulenta
763 2272 851 2350 jacet.
923 2331 926 2337 ,

203 2355 365 2420 clausisset
385 2356 501 2418 Paridis
521 2356 624 2417 oculos
646 2354 695 2415 lur
718 2355 829 2424 ultima,
854 2357 879 2415 si
901 2373 961 2415 non

246 2443 357 2504 Hector
380 2442 408 2502 ei
430 2438 559 2502 celerem
582 2442 784 2501 continuasset
806 2457 904 2520 onena.

204 2529 319 2587 Aeneas
341 2524 446 2604 clypeo
468 2525 543 2601 tegit
564 2523 657 2592 illum,
680 2523 787 2583 deinde
809 2525 936 2584 levatum
1122 2528 1173 2578 845

249 2609 323 2670 llinn
346 2608 471 2677 inducit,
495 2606 551 2667 laon
573 2609 649 2669 duce
672 2616 754 2669 tutus
775 2606 847 2673 abit.

206 2691 369 2753 Cernentes
391 2689 509 2768 reliqui,
532 2691 612 2771 quod
635 2691 679 2751 sol
700 2690 871 2754 traheretur
894 2691 930 2753 ad
954 2689 1058 2757 undas,

249 2776 354 2838 dorius
376 2791 458 2835 arma
480 2784 609 2844 movent,
632 2794 671 2837 ne
692 2775 862 2855 pigritando
885 2780 999 2837 vacent.

206 2859 272 2921 Nox
294 2860 378 2937 nigra
402 2867 504 2920 caecat
525 2858 660 2930 humum,
684 2878 830 2939 opesceus
851 2862 958 2921 iuuere
980 2855 1095 2920 bellum

248 2943 314 3005 Non
335 2950 478 3022 repetunt
498 2941 602 3005 solitos
624 2961 752 3022 corpora
774 2952 868 3006 strata
890 2945 983 3005 iocos.
1123 2949 1174 3000 850
1238 2970 1239 2979 κ

209 3081 251 3089 η-ι
256 3079 411 3087 ...ι-ἡ..-

274 3128 302 3191 *)
332 3127 471 3180 Proelium
499 3129 552 3181 hoc
585 3130 674 3180 nostri
703 3128 870 3179 simillimum
896 3125 1096 3194 Epitomntoris
1124 3130 1176 3178 ent.

206 3198 258 3248 280
284 3210 344 3261 sqq.
399 3198 459 3247 828.
477 3197 557 3247 Exid.
576 3194 689 3259 Trojnn.
706 3198 765 3249 235.

277 3264 336 3315 827.
355 3279 390 3315 ox
407 3265 531 3329 margine
568 3278 612 3313 ro:
631 3262 733 3314 studet.
750 3264 902 3329 Epitomct.
919 3263 970 3313 aed

311 3329 472 3397 Coniungit,
490 3331 541 3380 stri
559 3336 588 3381 et
604 3345 698 3382 mucro
716 3344 844 3381 mucrone
860 3343 986 3382 corusco.

208 3401 268 3454 837.
285 3398 388 3449 Similis
407 3397 487 3450 ovid.
505 3398 582 3449 loeus
599 3397 667 3448 Met.
684 3397 738 3450 VII
765 3399 822 3453 518.

310 3465 419 3517 Flebile
436 3465 603 3531 principium
617 3464 715 3516 melior
731 3435 843 3517 fortune
861 3468 957 3516 monta
975 3468 1027 3513 eut.
