2509 3917
437 179 499 231 Lib.
518 179 540 231 Ι.
576 194 602 231 v.
622 180 766 231 rot-288.

315 359 491 415 ANTENOR
507 360 620 415 REDIT
638 361 689 415 AD
708 360 860 417 TROIAM.

103 472 241 531 Antenor
263 467 329 528 sine
351 466 437 544 fruge
460 466 563 527 videns
586 484 618 528 se
641 470 754 530 semina
777 468 867 539 ierre,

150 553 243 615 Ocius
265 550 301 613 ad
323 551 468 632 Phrygios
491 551 554 612 vela
578 551 698 612 roliexit
719 570 821 631 agros;

106 639 236 700 Enarrat
258 635 385 706 Priamo,
408 634 480 716 quid
502 635 611 697 dixerit
633 635 693 707 ille,
717 637 787 714 quid
809 635 868 708 ille,

150 721 296 802 Quodque
318 719 400 781 dedit
422 720 512 781 variis
534 721 617 781 irrita
640 719 708 782 vela
730 720 839 784 nothis,
1024 731 1076 781 260

106 807 131 869 0
155 825 218 877 rex,
241 805 361 874 adiecit,
384 805 508 882 galeatis
529 822 665 883 pungere
687 804 787 868 verbis

151 891 218 952 Non
241 892 370 951 timuere
393 895 460 950 tuos
483 896 513 950 et
533 889 688 952 terebrare
711 891 808 952 minis.

108 976 188 1049 Quid
210 976 339 1037 recitare
362 972 459 1044 velim,
483 975 563 1052 quod
584 976 615 1034 in
639 977 720 1036 omni
742 977 802 1038 fine
823 974 966 1055 loquendi

150 1061 266 1122 Acriter
289 1077 305 1120 a
327 1058 442 1120 loribus
464 1077 512 1119 me
534 1058 673 1137 repulere
694 1059 767 1121 suis.

106 1145 219 1207 Ulcisoi
242 1153 323 1205 certe
345 1142 456 1223 probra
480 1142 546 1203 talia
569 1143 765 1215 consulerem,
789 1146 815 1205 si
1024 1153 1074 1203 265

152 1230 255 1291 Essem
277 1227 395 1289 consilii
417 1246 487 1308 pars
509 1228 656 1307 aliquanta
679 1230 732 1290 tui.

105 1314 209 1375 Litora
231 1329 374 1393 pompose
396 1313 557 1390 tetigerunt
578 1322 691 1385 nostra,
715 1316 830 1393 potenti

151 1397 291 1458 Protinus
313 1399 475 1458 interram
497 1395 665 1476 prosiluere
687 1398 773 1478 pede.

110 1483 282 1561 Irrumpere
304 1483 385 1543 iores
408 1481 552 1542 violenter
574 1484 606 1543 in
628 1481 722 1553 urbis,
745 1481 846 1561 ibique

155 1567 195 1627 Et
215 1583 265 1627 res
287 1573 317 1627 et
338 1574 456 1627 nostras
478 1566 629 1646 diripuere
653 1566 771 1637 domos3
1026 1576 1077 1625 270

108 1650 255 1714 Occidere
274 1657 391 1730 patrem
414 1650 575 1712 crudeliter
597 1660 685 1729 atque
707 1670 853 1723 sororem,

151 1737 294 1815 Turpiter
317 1735 376 1796 huo
397 1753 494 1813 usque
517 1735 672 1798 detinuere
694 1743 786 1800 tuam.

15 1877 17 1882 ,
106 1821 238 1890 Ludunt,
260 1819 445 1882 subsannant
466 1819 602 1883 imbelles
624 1828 655 1882 et
676 1823 742 1883 sine
764 1821 847 1883 ferro

150 1906 224 1967 Esse
246 1906 346 1965 ierunt
368 1922 473 1966 omnes
495 1906 728 1986 improperando
751 1905 892 1986 Phryges.

108 1989 237 2051 Graecia
258 1990 290 2049 ni
311 1990 404 2051 luerit
425 1990 569 2070 Phrygios
592 1998 715 2070 experta
737 1989 864 2052 lacertos
1020 2000 1076 2072 ι275

150 2072 231 2144 Plus,
254 2091 342 2152 quam
365 2076 557 2146 senserimus,
582 2078 772 2154 experiemur
796 2093 856 2135 eos.

109 2159 191 2222 llaec
214 2175 283 2236 ego;
307 2161 333 2217 si
355 2160 423 2237 quis
446 2157 537 2220 habet
558 2159 637 2220 aliud
659 2159 714 2221 suh
737 2169 857 2238 pectore
881 2159 1025 2231 clausum,

153 2242 308 2313 Prolerat;
331 2251 365 2304 ut
386 2243 475 2322 digna
497 2260 547 2304 res
570 2262 604 2304 ea
626 2245 705 2305 iorte
728 2244 824 2306 cadat.

181 2389 299 2446 muchs
318 2388 749 2447 oomvoodndutthoomm
765 2390 1001 2451 ANTENOREM.

109 2496 258 2559 Continuo
281 2497 418 2558 Priamus
439 2507 524 2559 vocat
546 2500 578 2559 in
601 2515 759 2559 commune
782 2495 912 2566 Quirites

151 2581 191 2642 Ut
212 2598 302 2661 super
323 2582 369 2642 his
390 2581 514 2642 verbum
537 2582 632 2663 possit
653 2582 764 2644 habere
785 2589 893 2643 ratum.
1026 2592 1078 2641 280

107 2665 221 2727 Hector
244 2665 329 2726 adest
349 2666 516 2746 fratresque
539 2669 585 2728 sui
608 2666 654 2728 vel
676 2670 727 2748 qui
749 2668 883 2745 generati

150 2749 196 2811 Ex
218 2748 373 2827 illegitima
395 2757 476 2811 sorte
497 2751 583 2812 luere
605 2751 686 2813 duci.
744 2745 748 2752 ’

107 2833 263 2902 Anchises,
287 2833 480 2896 Anchisiades
502 2837 612 2916 aliique
634 2834 764 2897 barones

15 2987 17 2998 ¹
151 2918 331 2987 Adventum,
355 2917 463 2998 quibus
487 2927 533 2981 est
555 2937 649 2990 mens,
673 2920 810 2990 valitudo,
833 2920 918 2981 fides.

15 3081 16 3084 Ἴ
108 3004 211 3073 Scitis,
236 3003 277 3062 ait
297 3001 444 3073 Priamus
468 3004 577 3085 quibus
597 3006 684 3065 istam
707 3006 832 3067 Graecia
854 3002 975 3083 probris
1025 3013 1077 3064 286

15 3087 17 3096 “
149 3087 258 3148 affecit
279 3088 415 3167 patriam,
439 3106 494 3148 nos
516 3088 685 3149 tribulando
707 3088 815 3168 palam.

106 3171 185 3234 Dum
208 3172 339 3243 memini,
361 3175 537 3234 meminisse
558 3173 652 3253 pudet
672 3180 794 3253 paterna
817 3174 932 3253 rapina,

150 3257 205 3318 Est
227 3266 312 3335 pater
334 3259 459 3327 occisus,
483 3266 568 3338 capta
590 3257 698 3320 tenella
720 3276 815 3320 soror.

178 3426 238 3476 265.
248 3424 317 3475 Mso.
330 3430 416 3478 certa.
456 3428 543 3483 fidite
556 3428 682 3492 margine
693 3443 742 3492 pro
754 3428 883 3479 silenter.
937 3427 996 3478 283.
1006 3425 1077 3483 Msc.

106 3491 307 3545 Anohidicdes.

839 3575 875 3628 2*
