2509 3917
179 236 216 283 V1
587 221 741 275 Praefatio.

180 373 265 435 Neue
303 371 498 452 Sarumlung“
526 374 719 454 inseruimus,
751 383 945 436 enumeratur
974 373 1029 436 suh
1064 376 1149 454 signo

179 457 214 517 F.
240 454 289 519 15.
315 456 377 536 (lib.
401 458 451 518 cit.
476 477 502 537 p.
522 455 574 538 37)
599 461 733 537 „Auriga
755 457 867 520 Alberti
890 457 1007 521 abbatis
1022 457 1149 521 Staden·

179 542 254 602 sis“.
288 540 403 603 Nomen
423 551 537 604 tantum
561 545 703 613 innotuit,
727 541 822 604 codex
843 545 908 623 ipse
930 544 1029 623 periit.
1072 544 1149 624 Lap-

181 625 315 705 penberg
340 626 437 704 (Perta
460 637 645 696 monument,
668 628 808 689 German.
830 627 866 687 T.
889 626 963 689 xvt.
985 624 1049 690 272
1072 630 1147 708 sqq.)

182 711 211 769 in
236 711 422 790 praefatione
444 711 587 773 editionis
601 712 754 773 annalium
768 710 993 773 libertinorum
1016 713 1148 792 suspica·

179 804 228 854 tus
264 802 324 864 est,
360 813 470 856 nomeu
498 797 626 874 Aurigae
654 798 685 857 iu
713 796 880 874 Quadrigae
911 797 1085 858 mutandum
1119 807 1151 858 et

179 879 216 940 ad
241 879 297 940 lroo
320 878 433 941 nibem
456 898 578 942 carmen
604 880 763 942 referenda
791 899 870 950 esse,
900 899 978 961 quae
1006 883 1038 942 in
1061 880 1148 943 chro-

180 964 249 1024 nico
283 966 455 1025 monasterii
488 963 738 1027 Rosenveldcnsis
769 963 835 1042 (cir.
859 965 935 1043 Vogt
962 976 1147 1027 monument.

180 1063 240 1107 rer.
265 1048 405 1109 German.
424 1045 563 1110 tutor.
584 1049 649 1128 Ip.
668 1046 750 1123 136.)
773 1049 810 1110 de
831 1049 970 1111 monachi
993 1049 1148 1130 cujusdam

183 1129 434 1194 Rosenveldensis
466 1135 591 1193 metrico
618 1133 708 1214 libro,
738 1136 789 1213 qui
818 1134 926 1195 dicitur
954 1133 1148 1212 „Quadriga“

181 1225 358 1286 narrantur,
397 1217 497 1278 addito
533 1217 598 1279 loco
637 1237 672 1279 ex
709 1218 766 1279 hoc
799 1215 949 1296 Quadriga
980 1220 1147 1297 desumpto

180 1300 348 1379 tlaradrigac
376 1320 485 1363 nornen
513 1300 590 1363 liber
617 1302 687 1362 inde
716 1302 822 1372 trahit,
851 1303 931 1382 quod
961 1302 998 1363 de
1020 1311 1149 1383 quatuor

181 1385 341 1463 evangeliis
363 1388 431 1465 agit
478 1386 575 1447 Locus
604 1379 657 1447 ille¹
682 1386 824 1448 describit
850 1389 1068 1449 monasterium
1088 1386 1148 1448 Ro·

180 1468 320 1532 senvelde
344 1470 540 1551 sequentibus
560 1469 723 1533 Albertinis
745 1470 904 1532 simillimis
925 1472 1076 1532 versibus:

225 1554 299 1625 „Est
321 1556 406 1618 locus
428 1575 444 1616 a
467 1555 563 1616 iloseo
586 1558 637 1635 qui
660 1557 749 1617 traxit
771 1557 892 1616 nomine
914 1573 1033 1626 nomen,

221 1640 253 1699 ln
277 1640 373 1719 spatio
395 1642 550 1718 speciosus
572 1651 602 1700 ct
624 1643 656 1700 in
678 1642 779 1720 specie
801 1642 957 1720 spatiosus,

221 1723 316 1793 Quem
339 1726 413 1784 situs
436 1727 501 1803 ipse
522 1723 590 1790 loci,
614 1742 703 1803 quem
725 1742 826 1784 rerum
850 1725 935 1803 copia
958 1732 1115 1793 monstrat,

221 1806 315 1876 Quem
324 1807 471 1868 Comitum
485 1807 641 1886 praelarga
653 1825 768 1879 manus,
781 1826 869 1888 quem
881 1808 999 1868 culmen
1012 1809 1147 1877 honorat,

221 1889 316 1958 Quem
339 1893 435 1970 pietas
457 1892 629 1962 Procerum,
653 1911 741 1972 quem
768 1893 854 1953 restit
876 1892 971 1971 gloria
993 1892 1120 1970 Regum,

219 1975 272 2036 Est
294 1974 377 2036 locus
399 1972 465 2055 ipsa
487 1995 563 2048 rosa,
586 1995 667 2055 rosa,
690 1980 788 2056 campi
810 1976 912 2054 gloria,
937 1979 1031 2037 nescit

219 2058 301 2119 Haec
322 2077 391 2120 rosa
415 2063 575 2137 spinetum,
599 2079 695 2141 neque
717 2063 823 2142 pungit
844 2062 927 2140 spina
949 2069 1092 2122 rosetum.

220 2142 273 2204 Est
295 2143 379 2205 locus
402 2147 465 2224 ipsa
488 2162 567 2215 rosa,
590 2164 650 2205 non
673 2146 747 2206 haec
770 2164 838 2206 rosa
862 2163 950 2205 mane
973 2146 1105 2226 Cydippe

220 2228 352 2307 Vespere
374 2228 450 2290 lucis
472 2232 539 2299 erit,
564 2229 653 2290 modo
674 2230 794 2299 floreus,
818 2233 955 2309 protinus
977 2247 1076 2299 arens,

222 2311 307 2395 Nune
329 2313 431 2383 rubra,
454 2333 523 2375 mox
545 2314 668 2394 pallens,
692 2314 781 2375 modo
803 2313 911 2390 invida,
934 2313 1023 2374 livida
1046 2315 1147 2375 statim

221 2397 307 2459 Nunc
330 2400 430 2459 oriens
453 2398 540 2460 simul
564 2407 593 2459 et
615 2401 761 2461 moriens:
785 2416 922 2459 arescere
946 2416 1098 2478 nunquam

222 2481 303 2542 Haec
324 2482 400 2542 solet
422 2487 537 2544 aeterni
559 2484 704 2544 foecunda
727 2486 893 2563 propagine
916 2486 1007 2559 veris,

222 2565 288 2625 Non
312 2576 417 2635 aestas
440 2585 499 2627 uon
523 2567 612 2627 audet
634 2566 739 2637 hiems,
762 2585 823 2627 non
845 2566 954 2628 Aeolus
976 2567 1062 2629 istam

223 2648 403 2711 Derosulare
424 2669 534 2712 rosam.
572 2650 636 2712 ilios
659 2661 705 2713 est
726 2652 839 2730 pallere
860 2669 998 2712 rosarum

220 2733 296 2796 Solis
319 2735 356 2794 ad
378 2736 528 2804 intuitum,
551 2734 643 2795 trahit
665 2735 739 2797 haec
761 2734 863 2797 asole
884 2735 1038 2805 ruborem,

221 2816 368 2895 Quicquid
391 2817 482 2879 habet
503 2828 611 2880 natura
633 2819 714 2890 boni,
739 2820 822 2881 locus
843 2822 901 2881 iste
923 2818 1058 2881 locorum

220 2901 367 2972 Continet,
390 2921 477 2964 omne
501 2903 571 2964 mali
593 2904 773 2965 fermentum
796 2902 913 2981 longius
936 2912 1020 2963 arcet

220 2985 336 3061 Regina
357 2988 430 3048 solis
451 2986 505 3049 ubi
521 2987 706 3050 sublimibus
728 2987 785 3049 alta
809 2987 966 3049 columnis.

263 3068 461 3150 Lappenberg
497 3074 561 3133 siue
599 3069 689 3134 dubio
725 3081 809 3134 recte
847 3074 1016 3151 suspicatus
1043 3080 1090 3133 est
1118 3084 1149 3136 et

177 3155 309 3233 scriptor
344 3154 468 3232 catalogi
502 3156 791 3218 Bordesbolmiensis
820 3158 848 3217 d.
878 3175 905 3218 a.
939 3151 1022 3218 1488
1056 3156 1148 3219 titulis

176 3239 420 3301 antecedentium
447 3237 606 3303 librorum:
638 3245 778 3320 ,pturoga
803 3241 865 3321 (sio)
893 3242 975 3302 Petri
1003 3241 1040 3303 de
1061 3241 1146 3320 Riga,

177 3325 292 3386 Aurora
315 3323 396 3385 Petri
418 3325 455 3385 de
476 3323 570 3403 Riga“
594 3325 738 3405 deceptus
760 3345 816 3405 per
838 3343 974 3388 errorem
996 3342 1051 3404 pro
1068 3327 1146 3398 Qua·

176 3407 262 3488 driga
285 3410 405 3487 scrIpsit
427 3410 546 3488 Auriga.

265 3494 323 3555 Sed
351 3496 506 3555 mittamus
533 3493 614 3555 hunc
644 3493 755 3555 librum
785 3493 870 3572 eujus
898 3510 1007 3554 nomen
1032 3501 1145 3555 tantum
