2509 3917
173 654 339 722 tuctrtn
361 652 692 721 encoeniorum
714 652 911 720 uncinum
932 653 1149 720 necisum

174 756 365 823 annuum
408 755 597 821 ueneno
640 754 844 821 senonen
886 753 1060 822 Manlau
1096 756 1146 820 uu

176 855 351 941 sunnin,
379 856 455 932 ont
482 855 652 923 eosque
679 854 948 922 odornense
970 855 1149 921 renone
1242 895 1243 904 a

478 955 622 1023 utnon
646 957 839 1040 [autumat

178 1115 312 1193 Impetus
334 1114 385 1175 ille
408 1131 506 1183 sacer,
531 1114 581 1192 qui
603 1122 702 1173 vatum
725 1120 845 1192 pectora
869 1113 976 1183 nutrit,

175 1201 317 1261 Diversos
340 1198 446 1261 studiis
468 1199 593 1259 diversis
615 1207 755 1277 occupat,
780 1206 809 1257 et
830 1216 878 1258 me

176 1286 345 1354 Materiam,
369 1285 503 1364 quamvis
526 1284 648 1350 invitus,
672 1285 761 1343 traxit
783 1283 818 1343 ad
841 1284 943 1351 istam;

177 1370 323 1449 Certaque
347 1387 414 1430 cum
437 1368 561 1429 dederat
582 1369 682 1428 animo
705 1369 853 1428 sententia
876 1368 975 1436 tinem,

174 1455 240 1515 'Hac
262 1461 296 1514 ut
317 1453 354 1514 ad
376 1452 515 1514 incudem
539 1470 606 1513 cum
629 1470 727 1513 massa
750 1452 875 1512 malleus
897 1454 965 1520 iret,

177 1539 242 1610 Quo
263 1541 363 1617 potius
384 1556 519 1606 numero,
544 1555 611 1598 cum
636 1538 732 1597 tristia
755 1536 832 1597 bella
854 1544 984 1605 sonaret,

176 1624 236 1683 Res
259 1643 293 1683 ea
317 1624 466 1701 transiret,
489 1620 650 1682 haerebam
676 1628 810 1698 tempore
831 1618 922 1698 longo

177 1706 331 1767 Pendulus
354 1714 384 1766 et
406 1706 528 1773 dubium
553 1723 621 1765 cum
644 1706 775 1783 scriptor
798 1702 907 1765 debeat
929 1705 1026 1765 omnis

177 1789 314 1850 Reddere
336 1807 484 1868 personae
507 1787 563 1848 sibi
586 1790 794 1850 convenientia
816 1790 932 1870 cuique,

177 1875 214 1934 Et
236 1890 356 1951 semper
379 1890 454 1933 nova
476 1889 533 1941 res,
557 1871 707 1932 theatrum
730 1889 807 1951 quae
829 1874 970 1953 primitus
991 1874 1093 1942 intrat,
1115 1880 1151 1929 to

178 1959 269 2018 Passu
292 1956 406 2018 difficili
428 1955 570 2039 callentes
593 1962 726 2017 transeat
748 1975 845 2018 aures.
1245 1949 1246 1974 ¹

178 2043 339 2102 Praetereo
361 2040 440 2120 qnod
462 2039 538 2100 livor
560 2040 651 2110 iners,
675 2039 826 2102 laudabile
848 2042 991 2121 quicquid

178 2128 236 2186 Aut
258 2125 338 2186 videt
360 2132 411 2186 aut
433 2125 525 2201 audit,
548 2128 697 2205 spumosis
719 2124 859 2186 dentibus
883 2129 980 2203 angit:

179 2209 241 2280 Cui,
266 2227 324 2286 quo
345 2228 396 2270 res
418 2208 533 2278 melior,
557 2217 603 2270 est
624 2210 777 2270 iracundia
800 2208 903 2287 major,

179 2295 215 2355 Et
239 2293 325 2364 bona,
349 2311 426 2374 qnae
447 2294 543 2354 reiicit
565 2292 649 2369 alios,
673 2289 752 2355 huno
773 2294 870 2355 inlicit
892 2311 969 2354 esca.
1118 2303 1156 2351 to

180 2378 280 2449 Cedat,
304 2378 341 2439 ad
362 2379 504 2439 intuitum
527 2378 611 2439 cuius
634 2380 836 2458 corrumpitur
859 2396 919 2447 aer,

180 2465 286 2543 Meque
310 2466 391 2525 sinat
412 2463 607 2542 Troilumqne
630 2480 730 2522 meum
753 2463 882 2521 transire
904 2479 1076 2540 parumper.

179 2547 238 2607 Res
260 2555 361 2624 gestae
383 2563 548 2623 regumque
571 2546 741 2625 ducumque
763 2546 874 2606 ierocia
897 2547 973 2607 iacta

180 2628 244 2698 Quo
267 2629 359 2691 scribi
381 2637 503 2710 possent
526 2647 651 2689 numero
673 2632 846 2690 monstravit
868 2631 1025 2692 Homerus.

180 2714 301 2775 Scilicet
321 2714 452 2781 heroico,
477 2713 592 2774 dicetur
615 2712 752 2782 forsitam
776 2716 825 2775 isti
1114 2722 1153 2771 20

180 2800 309 2860 Currere
331 2798 470 2859 versiculi
493 2799 561 2877 quia
585 2797 731 2858 deberent
753 2799 830 2879 pede
852 2798 913 2867 tali,

180 2882 326 2961 Quodque
348 2900 403 2961 per
426 2884 547 2959 exiguos
570 2899 746 2960 magnorum
770 2900 876 2960 magna
900 2883 1028 2942 virorum

180 2966 300 3028 Proelia
322 2983 381 3026 non
405 2965 510 3028 deceat
532 2966 633 3044 elegos
656 2967 822 3046 scripsisse,
846 2965 1025 3045 probabunt.

180 3051 258 3112 Sane
281 3049 423 3120 concedo,
448 3050 500 3111 sed
523 3058 606 3127 gesta
630 3052 798 3112 miserrima
822 3049 920 3110 scribo

182 3136 219 3195 Et
241 3142 356 3212 strages
379 3136 501 3196 miseras
524 3135 712 3204 miscrorum,
737 3136 787 3215 qui
810 3134 946 3194 misereri
1114 3141 1155 3190 25

180 3219 346 3280 Noluerant
368 3218 426 3278 sibi
449 3238 504 3280 nec
527 3220 592 3280 aliis
616 3219 669 3280 sed
693 3228 789 3279 morte
812 3217 964 3278 metebant

248 3419 390 3484 *lmanna
408 3423 551 3471 recentior.
587 3418 744 3473 ‘l‘emar
737 3434 783 3470 rue
795 3435 844 3483 pro
857 3418 1003 3469 hebebant
1039 3418 1078 3472 18.
1091 3414 1157 3468 Ηο·

180 3489 247 3538 retii
265 3489 378 3543 suntA
397 3492 467 3553 poet.
486 3502 510 3543 v
530 3489 570 3539 te.
641 3488 681 3536 21.
727 3501 782 3538 ens.
802 3486 882 3551 quod.
