2509 3917
193 215 236 280 36
516 213 577 263 no.
595 213 617 266 1.
653 226 679 265 v.
698 210 844 261 ree-ur.

195 369 273 430 Ecce
294 365 378 427 vides
402 366 556 427 Helenam.
602 365 736 424 Fortuna
759 361 891 424 secunda
914 359 1084 424 secundum

237 452 345 513 blentis
365 451 553 531 propositum
575 449 646 508 lecit
666 446 778 527 ubique
800 447 909 507 locum.

197 538 261 600 Rex
283 538 324 595 ait
346 534 497 599 exultans:
521 541 552 594 et
574 550 640 611 ego,
663 531 743 611 quod
766 530 874 592 debeat
896 531 953 591 ista
1121 537 1182 586 730

238 619 363 689 Praeda,
387 621 543 688 vaticinor,
567 625 669 677 nostra
691 615 791 676 redire
813 633 911 676 soror.

196 705 329 785 inquiret
350 721 406 764 nos
428 703 561 764 Graecus
582 701 682 780 bomo,
705 718 765 761 non
788 698 901 779 absque
923 705 1074 774 restauro,

241 792 283 849 Ac
305 789 363 849 erit
385 806 401 847 e
424 797 527 848 nostro
550 786 681 847 Graecia
703 787 777 845 ricta
801 785 876 844 loro.

201 875 308 951 'Pergit
329 880 359 932 et
380 871 430 932 bic
453 872 556 932 oculos
577 870 686 932 mulier
708 872 876 931 castissima
899 870 994 929 siccos

240 958 286 1025 Et,
311 974 378 1017 cum
400 954 477 1015 laeta
500 957 588 1025 toret,
611 956 651 1015 sit
672 955 758 1034 quasi
780 962 892 1014 moesta
915 954 1009 1014 sedet.
1126 963 1183 1012 735

200 1041 376 1103 Consolatnr
390 1057 463 1099 eam
485 1039 631 1108 Priamus,
655 1037 814 1118 Paridique
835 1039 982 1115 resignat;

242 1124 359 1185 'laedas
379 1125 547 1192 instituunt,
570 1125 645 1184 iesta
669 1140 773 1184 serena
796 1122 908 1184 colunt.

201 1210 247 1270 'l'u
273 1209 372 1268 credis
395 1215 507 1269 castam
530 1226 606 1287 qnae
628 1210 745 1268 venerit
766 1207 834 1275 huc,
858 1224 914 1284 ego
936 1222 1007 1267 vero

244 1291 468 1373 Necquidqnam
492 1292 593 1362 credo,
616 1300 763 1371 pactaque
786 1291 866 1351 nulla
889 1291 975 1352 dabo.

200 1378 284 1439 Hanc
308 1376 472 1438 Cassandra
494 1377 613 1437 videus:
638 1377 717 1436 venit
740 1376 904 1436 destructio
928 1375 1037 1456 Trojae
1128 1385 1184 1434 740

242 1462 281 1523 Et
301 1479 387 1523 casus
409 1462 536 1539 patriae!
559 1460 746 1521 vaticinando
768 1462 857 1520 canit.

202 1546 328 1608 Includit
349 1556 434 1625 pater
456 1548 519 1606 eius
542 1562 616 1612 eam.
641 1543 840 1604 mihilominus
861 1546 928 1623 ipsa

243 1630 393 1692 Clamitat:
418 1632 448 1689 iu
471 1628 561 1708 Troja
584 1630 693 1689 Troica
717 1628 833 1689 damma
856 1628 949 1689 sedet.

274 1790 512 1846 adnuntiarunt
529 1790 647 1845 VADIT
665 1791 872 1847 consonant
888 1790 1099 1845 MENELAUM

566 1857 607 1911 IN
625 1858 805 1916 SPARTAM.

202 1965 236 2025 ln
259 1964 397 2043 Spartam
420 1970 561 2043 properat
582 1965 786 2041 Agamemnon
808 1963 845 2023 de
866 1962 992 2025 Menelai

246 2049 373 2109 Pectore
395 2056 559 2126 puncturas
581 2046 692 2126 pellere
715 2049 894 2109 moesticiae.
1127 2060 1186 2108 745

207 2132 393 2199 Consoteris3
417 2134 467 2198 ait.
490 2150 544 2210 per
566 2131 676 2193 Troica
697 2135 746 2203 sit,
768 2132 849 2200 licet.
872 2149 954 2192 arma

249 2216 389 2277 Tindaris
411 2215 518 2286 ablata,
538 2214 598 2294 jam
622 2225 795 2295 repetemus
817 2234 892 2277 eam.

206 2302 287 2361 Haec
308 2300 364 2361 tibi
385 2300 538 2368 reddetur.
562 2319 622 2361 non
644 2304 802 2379 irrepetita
825 2300 964 2369 manebit,

236 2385 314 2446 vNon
337 2388 395 2447 erit
418 2405 433 2446 a
455 2385 625 2465 Phrygibus
649 2383 748 2445 abdita
771 2386 884 2446 Graeca
907 2403 1022 2445 manus.

205 2471 328 2531 Graecia
351 2470 525 2548 perdiderat
545 2468 704 2535 Helenam;
728 2471 771 2528 sic
794 2478 823 2530 et
845 2469 904 2528 duo
927 2469 1036 2530 tratres
1128 2481 1188 2530 750

247 2553 326 2622 Quid
348 2570 439 2631 super
461 2552 508 2613 his
530 2554 649 2620 iaciant,
672 2552 856 2614 consiliando
879 2552 992 2615 sedent

207 2637 289 2697 Finis
311 2637 439 2696 consilii:
464 2638 578 2714 patriae
600 2645 756 2697 notescere
778 2638 898 2698 lactum.

252 2720 386 2782 Notescit
407 2719 486 2779 nulla
508 2722 700 2798 proveniente
723 2740 814 2783 mora.

207 2805 403 2866 Conveniunt.
446 2802 550 2864 Plures
572 2811 694 2882 poteras
716 2806 826 2866 vidisse
848 2805 980 2877 Quirites

247 2887 395 2949 Mentibus
417 2886 547 2949 illustres
569 2886 732 2968 militiaque
751 2890 840 2950 leves.
1128 2902 1185 2952 755
1250 2901 1253 2918 ·

209 2972 351 3052 Impiger.
374 2972 546 3042 iracundos,
568 2972 771 3042 inexorabilis,
794 2992 863 3034 acer
929 3020 932 3026 .

247 3056 349 3117 Assilit
370 3057 521 3126 Aeacides,
544 3067 637 3135 tuque
659 3057 795 3118 Patrocle
816 3062 925 3120 comes.

277 3293 337 3344 734.
365 3291 394 3340 in
411 3292 550 3356 margines
568 3291 666 3340 ironia.
736 3293 794 3342 738.
815 3290 880 3344 Cod.
899 3297 985 3347 costa
1057 3295 1117 3345 tto.
1148 3311 1188 3346 ex

206 3360 339 3422 margine,
357 3373 407 3424 pro
426 3359 530 3411 codicis
549 3358 712 3408 consuleris.
765 3361 822 3412 tto.
841 3359 871 3408 in
888 3360 1025 3425 margine:
1042 3362 1100 3411 iste
1114 3378 1188 3413 con·

209 3427 359 3478 solutionis
377 3428 464 3478 verbe
481 3427 569 3476 frater
586 3425 707 3489 replicet
723 3430 755 3475 ut
771 3427 938 3477 moestitiam
957 3428 1048 3478 cordis
1066 3430 1132 3480 eius
1150 3429 1190 3480 li·

210 3495 280 3545 niat.
351 3496 409 3546 756.
430 3493 497 3543 (iod.
509 3493 731 3543 inexorarubilis.
751 3499 793 3542 est
811 3494 878 3543 Hor.
896 3496 929 3548 A.
946 3495 978 3544 P.
999 3496 1057 3545 121.
