2509 3917
428 190 489 246 Lib.
509 192 531 242 1.
567 206 592 241 v.
611 192 754 244 nee-att.

103 344 156 404 Ire
179 340 284 422 Pylum
308 341 399 404 voluit
420 342 570 405 Menelaus
593 342 697 423 ibique
719 343 809 422 potiri

148 427 288 488 Nestoris
310 425 446 504 alloquio,
470 427 572 489 forsan
594 426 713 488 amabat
735 446 813 488 eum.

102 510 213 573 Pollux
236 520 266 573 et
288 511 391 573 Castor
414 514 511 573 ierant
532 510 620 574 simul
643 511 680 573 ad
703 510 957 590 clytemnestram,
1023 518 1074 570 560

119 593 133 648 ἵ
149 596 330 675 complacet,
353 604 387 657 ut
409 600 507 675 neptis
529 596 749 657 concomitetur
771 597 814 657 eis

102 679 231 743 Scilicet
251 680 422 742 Hermione.
465 680 581 743 Festive
604 681 669 740 dies
692 688 756 742 erat
777 681 878 759 Argis3

148 764 263 826 hebeat
284 763 335 825 tali
357 773 493 845 tempore
514 765 587 826 luno
610 764 676 827 coli.

105 849 262 927 Contingit
283 849 439 928 Cytheram
462 849 514 910 sed
539 858 569 911 et
591 848 639 910 hic
662 867 741 910 nuuc
763 866 834 909 rore
856 866 1010 909 sacrorum

149 933 212 994 lam
235 933 380 994 dederant
401 932 549 995 celebrem
573 934 647 994 lesta
670 931 792 993 suborta
816 932 905 994 diem.
1023 940 1073 991 ⁶55

103 1017 188 1078 Fana
211 1016 384 1079 colebantur
406 1018 489 1089 haec,
512 1018 561 1079 hic
582 1037 636 1079 sua
659 1018 735 1077 dona
759 1017 869 1078 Dianae

150 1100 290 1162 Solvebat
310 1104 449 1183 populus,
474 1106 524 1164 cui
546 1105 656 1163 sociata
680 1100 789 1163 Venus.

104 1184 181 1247 Vota
204 1204 274 1247 suos
296 1185 427 1248 habuere
451 1186 532 1257 deos,
556 1186 675 1248 devenit
696 1184 806 1246 ibidem

149 1270 235 1332 'lunc
256 1270 341 1331 Paris
363 1279 461 1351 optata
486 1279 564 1333 sorte
588 1271 726 1332 trahente
749 1277 854 1332 ratem.

277 1435 377 1489 FAMA
394 1434 518 1490 VOLAT
536 1433 636 1500 QUOD
654 1433 760 1489 PARIS
778 1433 898 1488 VENIT.

105 1540 197 1601 Fama
221 1538 306 1610 volat,
331 1540 400 1618 quid
424 1543 504 1601 enim
526 1543 604 1602 lama
627 1538 758 1602 velocius
778 1546 866 1609 extat,
1024 1548 1075 1598 560

151 1623 294 1685 Prolibus
316 1632 420 1685 oruata
442 1627 524 1701 regia
547 1625 652 1687 classis
674 1623 766 1686 adest.

106 1709 280 1788 Spectatum
304 1711 432 1774 veniunt.
453 1711 575 1770 veniunt
595 1717 769 1789 spectentur
791 1716 824 1768 ut
845 1711 929 1788 ipsae

151 1793 193 1854 lle
216 1792 354 1854 domibus
376 1792 523 1864 dominae,
548 1811 750 1872 concrepuere
770 1791 861 1871 lyrae.

105 1876 269 1957 Splendeat
291 1885 323 1938 ut
344 1877 445 1948 Liber,
468 1877 584 1957 lateque
606 1878 752 1956 refulgeat
774 1895 880 1939 aurum

151 1961 246 2023 Ornat
267 1980 300 2022 se
321 1963 412 2022 vestis
434 1962 596 2023 ambitione
618 1963 713 2033 Paris,
1024 1970 1074 2019 oet>

106 2046 212 2123 Surgit
234 2054 264 2108 et
285 2046 321 2107 ad
343 2046 487 2125 templum
509 2047 643 2124 graditur
667 2049 751 2125 quasi
774 2063 859 2125 paro,
881 2046 994 2107 Dianae

151 2132 257 2191 Votum
278 2131 420 2210 persolvit
443 2131 591 2212 dignaque
613 2130 690 2191 dona
713 2132 799 2209 gerit.

105 2214 267 2285 Quaeritur
289 2218 413 2289 interea,
437 2217 503 2293 quis
524 2216 581 2275 sit?
603 2233 658 2275 cur
680 2215 814 2276 venerit?
837 2213 916 2274 unde

150 2300 274 2360 Venerit
295 2306 324 2360 et
346 2317 490 2377 quorsum
512 2299 613 2360 lorsan
636 2299 720 2360 abire
743 2298 829 2359 velit?

108 2382 203 2446 Filius
226 2392 271 2444 est
292 2383 404 2444 Priami
426 2386 516 2461 regis,
540 2383 735 2462 mandataque
757 2384 852 2461 patris
1024 2389 1075 2440 ato

151 2468 240 2528 Venit
261 2471 292 2528 iu
315 2467 371 2538 his,
395 2468 485 2537 alunt
508 2468 599 2535 ferre,
623 2466 739 2528 referre
761 2466 842 2526 locis.

106 2550 213 2614 Pollux
236 2560 267 2612 et
288 2551 393 2613 Castor
415 2553 446 2612 hi
469 2558 546 2621 sunt,
572 2553 596 2612 si
620 2552 772 2630 quaeritis,
797 2551 888 2610 advos

151 2636 249 2696 Pauca
271 2636 353 2716 loqui
374 2635 484 2716 quibus
506 2635 556 2696 hic
578 2636 641 2697 vult
663 2644 693 2698 et
715 2635 799 2697 abire
821 2634 953 2696 domum.

108 2720 258 2782 humores
280 2727 405 2797 tangunt
425 2720 577 2789 Helenam,
601 2719 668 2781 silet
690 2719 739 2781 illa
762 2737 936 2799 parumper;

152 2805 207 2865 llic
229 2813 303 2873 erat,
326 2805 385 2865 huc
407 2804 658 2872 festus-traxerat
678 2822 750 2874 usus
771 2823 844 2865 eam.
1023 2811 1074 2863 att

107 2888 250 2951 Audierat
271 2907 360 2967 quam
381 2886 506 2969 pulcher
529 2897 607 2958 erat;
631 2892 823 2968 speciemque
845 2886 947 2949 videre

151 2974 219 3034 Nou
240 2975 363 3052 impune
383 2982 484 3034 tamen
506 2974 609 3034 nititur
632 2972 681 3033 illa
704 2976 771 3034 viri.

105 3143 168 3193 650.
184 3142 310 3204 margine
323 3139 398 3205 Clyt.
417 3155 538 3192 sororem
555 3156 643 3195 suam.
695 3142 754 3192 552.
773 3154 858 3205 marg.
869 3138 927 3190 filia
939 3139 1074 3191 Helenae.

107 3210 168 3260 554„
186 3224 292 3275 margo.
311 3207 452 3259 Chitaram
468 3209 498 3258 in
515 3209 635 3260 insulam
653 3209 694 3259 sic
711 3207 825 3258 dictum.
893 3210 951 3259 660.
969 3207 1076 3258 Allucio

105 3276 185 3342 Virg.
194 3274 316 3340 Aen.IV‚
324 3277 381 3327 174.
399 3278 497 3339 Fama,
509 3277 612 3327 malum
625 3291 679 3343 quo
691 3274 746 3326 non
759 3275 836 3325 aliud
848 3275 972 3326 velocius
981 3274 1076 3326 ullum.

103 3345 169 3398 562.
188 3343 269 3397 ovio,
288 3344 340 3395 Ars
359 3342 420 3396 Am.
437 3345 460 3408 1,
479 3346 521 3396 99.
582 3345 640 3396 564.
663 3343 723 3394 cod.
748 3342 890 3408 spondeat.
953 3344 1014 3392 672.
1031 3338 1076 3391 ad·

106 3424 169 3528 qrost.
187 3412 330 3477 antiquior
348 3427 398 3478 pro
416 3411 529 3477 advers,
548 3412 695 3477 adversus,
713 3411 810 3474 hostis,
827 3410 936 3476 hospes.
1014 3410 1073 3460 575.

121 3493 150 3529 es
166 3494 191 3529 a.
