2509 3917
138 215 190 265 xpp
527 231 532 240 .
548 197 700 246 Praefatio.

180 351 262 411 blens
285 360 383 411 tamen
406 348 538 420 incaluit,
562 350 681 425 vestigia
704 347 761 408 lida
784 345 946 425 sequendo.

180 435 296 497 Daretis
318 436 400 513 frigii
421 433 582 513 Trojanum
607 432 739 494 scribere
762 430 883 492 bellum.

139 527 167 580 et
189 518 292 580 linem:

180 604 218 665 Et
239 621 348 683 precor
369 603 419 664 ille
442 601 509 685 (sie)
534 605 593 663 mei
618 605 657 663 sit
679 601 897 662 consummatio
920 600 1008 679 cepti.

138 688 227 769 hujus
250 689 390 749 carminis
413 687 547 766 praebet.
588 686 645 748 Sed
669 687 820 748 mittamus
841 685 924 746 haec.

225 771 313 833 Liber
335 775 452 853 primus
475 774 571 833 nostri
593 780 699 850 poetae
721 771 853 831 continet
868 769 984 831 Daretis
1006 771 1104 846 capita

138 857 259 927 l—Xl‚
284 857 431 918 secundus
454 858 547 935 capita
571 854 741 934 lll-lllil,
763 856 869 915 tertius
884 856 979 933 capita
995 854 1103 915 xxi-

138 941 267 1014 XXVlll,
291 953 416 1019 quartus
438 945 533 1022 capita
559 938 846 1006 xxviii-xxxvl,
869 942 993 1019 quintus
1008 941 1105 1019 capita

138 1025 281 1088 XXXVll.
306 1026 460 1096 XXXVlll,
483 1036 586 1086 sextus
609 1026 704 1103 capita
727 1022 990 1084 xxxix-xilv.

224 1111 330 1171 Sermo
363 1128 421 1171 raon
457 1110 557 1171 diliurt
584 1130 600 1171 a
635 1108 832 1187 scriptoribus
866 1107 955 1186 hujus
989 1110 1103 1177 aetatis,

136 1195 246 1273 gaudet
269 1204 370 1256 tamen
393 1204 495 1256 auctor
518 1192 721 1272 logorlaedalia
744 1204 777 1253 ut
798 1194 970 1272 inscriptio:

179 1279 321 1350 „Troilus
340 1286 384 1341 est
406 1279 526 1341 Troilus
548 1279 679 1357 Trojano
702 1279 838 1357 principe
861 1285 959 1353 natus,

223 1363 260 1423 Et
282 1364 359 1425 liber
381 1372 426 1425 est
447 1365 566 1426 Troilus
589 1365 627 1424 ob
650 1363 758 1423 Troica
782 1361 858 1423 bella
881 1360 1031 1422 vocatus“.
1082 1359 1087 1370 ’

139 1456 168 1509 et
189 1450 391 1526 fragmentum
413 1448 581 1528 Quadrigas
605 1449 725 1509 docent:

180 1533 287 1606 „Nunc
310 1537 411 1596 oriens
433 1533 521 1595 simul
544 1542 574 1594 et
596 1535 759 1594 nroriens“.

224 1618 399 1699 Quanquam
423 1619 501 1678 enim
525 1619 612 1680 etiam
635 1617 685 1678 alii
707 1614 796 1693 hujus
811 1615 925 1675 saeculi
941 1615 1104 1694 scriptores

137 1700 207 1764 hnic
234 1702 304 1763 ludo
334 1720 455 1782 operam
485 1702 608 1782 dabant,
639 1709 742 1763 noster
764 1718 815 1760 eos
837 1706 960 1778 superat
982 1718 1104 1769 omnes;

138 1784 223 1864 eujus
245 1785 329 1846 lusus
357 1786 406 1846 hic
435 1786 575 1847 nonnulla
598 1793 712 1847 tantum
735 1786 954 1863 praestantiora
977 1783 1104 1864 praebe·

138 1889 203 1930 mus
226 1869 377 1949 exempla:

172 1955 195 2025 l,
217 1951 291 2042 499.
316 1953 429 2015 Bellum
454 1953 619 2016 Cassandra
643 1955 742 2014 nitens
764 1970 883 2014 cassare
905 1954 1050 2013 futurum.

144 2037 194 2106 lll,
259 2036 289 2099 3.
312 2038 466 2119 Aspecula
479 2038 635 2118 speculum
646 2036 802 2117 speculans
814 2035 972 2099 inamabile
984 2036 1103 2098 bellum.

145 2123 196 2191 Ill,
238 2120 290 2185 57.
313 2127 431 2185 aeneus
453 2126 577 2193 Aeneas,
601 2120 686 2201 eujus
708 2130 797 2201 eaput
818 2140 911 2184 aenea
933 2123 1034 2187 cassis.

159 2210 191 2277 V,
234 2206 287 2269 31.
311 2208 388 2271 Ecce
409 2214 479 2269 tuus
502 2205 589 2268 luxus
612 2215 666 2277 est,
691 2207 809 2267 'l'roilus
830 2208 933 2286 impie,
957 2205 1062 2267 luctus.

159 2294 190 2362 V,
213 2290 285 2355 303.
308 2292 339 2354 4.
384 2292 421 2353 Et
453 2295 543 2354 miser
577 2296 608 2353 in
639 2294 763 2352 miseras
791 2291 922 2370 dejectus
956 2310 987 2352 es
1020 2292 1084 2371 ipse

249 2406 251 2411 ν
632 2394 782 2445 cavernas,

452 2463 532 2534 Quas
566 2463 675 2523 misere
708 2462 827 2521 miseris
862 2477 916 2537 pro
945 2461 1102 2521 meretrice

631 2543 734 2607 dabas.

161 2630 193 2698 V,
216 2625 289 2690 419.
311 2627 384 2691 420.
408 2631 528 2691 Passive
550 2647 610 2691 non
633 2630 754 2708 lascire;
780 2646 839 2690 non
863 2630 939 2689 sicut
960 2634 1093 2689 amantes

446 2714 494 2785 Se,
512 2714 564 2775 sed
584 2723 617 2775 ut
633 2724 767 2775 amentes
785 2731 981 2793 composuere
994 2720 1104 2773 truces.

158 2797 191 2867 V,
214 2793 287 2859 499.
311 2794 383 2860 500.
408 2798 450 2859 De
470 2799 583 2860 timidis
598 2798 704 2860 tumidi
720 2800 793 2860 bunt
809 2799 976 2859 hortamine
987 2796 1104 2876 Pyrrhi,

447 2883 489 2943 lle
509 2883 622 2963 paridis
649 2884 733 2945 avida
753 2892 874 2963 pectora
901 2882 1010 2942 dantur
1031 2883 1083 2942 ita.

158 2967 191 3035 V,
203 2961 382 3027 541-545.
406 2968 444 3028 Et
458 2970 487 3028 vi
508 2970 626 3029 virtutis
648 2970 705 3030 erit
723 2966 774 3028 illa
791 2969 833 3027 vir
855 2975 885 3028 et
905 2969 992 3044 quasi
1008 2967 1037 3025 ri
1051 2968 1104 3033 vir,
1173 3031 1178 3036 ⁵

446 3052 496 3112 Vir
519 3071 639 3132 quoque
660 3071 721 3113 non
736 3049 800 3112 vilis
819 3053 909 3113 immo
925 3050 1018 3111 virilis
1036 3053 1103 3110 erit.

403 3137 525 3198 Femina
547 3138 608 3198 sive
632 3139 675 3197 vir
697 3137 747 3197 esi
770 3136 818 3196 lric
840 3139 865 3196 si
888 3139 993 3201 vires,
1017 3153 1105 3196 exere

626 3240 715 3299 vires,

444 3304 524 3365 Haec
538 3307 594 3367 erit
608 3310 638 3367 in
654 3310 681 3367 vi
697 3324 763 3377 res;
774 3304 884 3366 robore
903 3306 1105 3366 nonneriresl

402 3388 466 3448 Non
480 3399 514 3451 tu
531 3391 677 3453 femineas
694 3389 839 3460 imbelles,
860 3390 951 3451 immo
967 3390 1105 3451 rebelles,

157 3474 188 3543 V,
212 3471 285 3535 630.
330 3473 388 3534 Sed
414 3473 525 3553 lrigere
547 3475 629 3537 vides
652 3494 705 3555 spe
727 3475 861 3536 fluitante
883 3474 1025 3554 Phryges
