2509 3917
177 153 220 217 42
499 155 560 209 tte.
580 153 616 203 11.
653 170 678 205 v.
697 156 824 205 ee-ree.

220 307 257 368 tn
279 308 337 385 pia,
360 307 385 367 si
407 304 494 383 longa
517 306 580 366 vult
602 306 733 366 tacuisse
756 324 849 367 mora.

179 392 282 454 Audax
303 392 334 450 in
356 389 444 452 bellis
466 393 633 451 acerrimus
654 399 701 450 est
723 390 891 460 Diomedes,

221 475 368 535 Strenuus
391 484 422 536 et
442 475 529 535 fortis
550 471 647 535 tultus
668 472 813 535 honestus
835 478 874 536 ei.

178 565 323 622 Austerus
345 557 492 619 clamosus
513 564 579 619 erat
600 556 758 638 calidoque
780 559 917 629 cerebro,
1119 568 1158 617 95

224 643 357 722 Corpore
381 642 543 720 quadratus
563 643 781 721 impatiensque
803 644 885 704 satis.

178 727 395 806 Triptolemum
418 728 535 796 nescim
559 742 684 801 magnus
706 726 762 787 luit
783 733 872 806 atque
895 726 986 787 virilis

223 811 341 890 Optima
366 810 459 871 lorma
481 810 539 871 sibi
561 809 614 871 sed
637 810 824 871 stomachosa
846 811 981 891 quidem;

177 895 312 968 Blaesus,
334 894 468 957 aduncus
489 903 553 955 erat
574 893 658 956 velox
681 894 838 970 oculisque
859 895 1004 965 rotundis,

220 977 275 1039 Cui
297 978 387 1040 iacies
409 977 524 1057 hilaris,
547 978 629 1055 larga
651 978 831 1057 superciliis.
1098 989 1156 1037 100
1253 1023 1254 1040 .

177 1063 327 1125 Candidus
349 1072 379 1123 et
400 1079 535 1139 magnus,
558 1080 631 1123 naso
654 1080 773 1142 quoque
794 1062 902 1125 Nestor
922 1062 1058 1125 obunctus

220 1146 347 1226 llapsilie
370 1155 400 1207 et
422 1148 550 1225 sapiens,
573 1144 760 1208 consiliando
782 1165 881 1225 sagax.

177 1230 302 1291 Mittitur
323 1229 425 1291 lliacas
446 1231 540 1291 audax
563 1237 665 1292 orator
687 1230 723 1291 ad
746 1249 842 1303 arces,

221 1314 346 1377 Nestora
369 1313 491 1376 laudare
513 1332 581 1375 cum
605 1315 751 1376 Cicerone
772 1324 868 1395 potes.

178 1399 327 1461 Candidus
349 1405 379 1460 et
401 1399 577 1460 temerarius
599 1417 641 1468 es,
664 1399 720 1459 tibi
741 1400 839 1461 vultus
862 1401 1014 1469 honestus,
1097 1410 1153 1459 tue

220 1483 329 1544 Fidens
351 1486 381 1543 in
404 1483 518 1544 celeres
539 1482 721 1544 Protesialae
743 1485 848 1563 pedes!

177 1569 396 1644 Magnanimum
419 1568 559 1645 gracilem
581 1567 746 1646 sapientem
769 1567 815 1627 dic
836 1567 1036 1644 Palamedem,

220 1651 359 1721 Blandus,
381 1652 537 1719 facundus,
561 1649 734 1712 ambitiosus
757 1659 833 1712 erat.

175 1737 214 1797 tlt
236 1752 354 1797 crassus
374 1733 539 1812 Polydorus
562 1745 627 1795 erat
647 1733 839 1797 Neocleeieus
862 1735 956 1796 audax

219 1819 333 1887 Tristis,
358 1818 537 1897 pervalidus
560 1827 661 1879 mente
682 1822 807 1880 timente
829 1827 942 1882 tacens.
1095 1830 1152 1878 110

176 1903 315 1977 Magnum
336 1903 516 1982 prudentem
538 1903 702 1982 dicuntque
722 1904 884 1965 Machaona
905 1906 1024 1972 fortem,

218 1987 274 2047 llic
295 1985 384 2046 simul
407 1995 437 2046 et
458 1988 574 2064 patiens
596 1989 840 2069 compatiensque
863 1989 925 2049 luit.

176 2071 340 2132 Merionem
363 2070 463 2132 rutum
485 2088 580 2149 ponas
601 2071 654 2131 sed
677 2081 706 2131 et
727 2072 931 2151 impatientem

220 2153 264 2221 Et,
288 2156 357 2230 quia
378 2156 418 2214 sit
439 2154 564 2233 medius,
588 2172 726 2234 corpore,
749 2166 849 2217 mente
870 2164 970 2217 tenax.

176 2236 281 2299 Dicere
304 2255 372 2299 cum
394 2238 471 2299 volui
494 2256 580 2318 quam
603 2242 740 2317 pertinax
763 2248 852 2314 esset,
874 2241 946 2301 oriri
1094 2251 1147 2298 115

218 2323 264 2405 Me
288 2332 390 2383 contra
414 2326 513 2402 coepit
535 2325 671 2401 protinus
693 2326 739 2384 ira
761 2326 857 2384 metri.

177 2408 224 2468 Me
246 2408 322 2468 duce
344 2410 397 2487 qui
419 2410 517 2478 toties,
540 2409 647 2486 inquit,
670 2425 736 2468 mee
759 2410 844 2485 signa
867 2406 969 2478 tulisti,
1047 2431 1049 2434 ·

218 2490 292 2561 Quis
313 2492 402 2552 modo
424 2493 574 2570 persuasit
594 2491 644 2551 illa
666 2508 778 2569 negare
801 2490 866 2552 tibi.

174 2574 280 2636 Exitus
302 2584 365 2635 acta
388 2575 510 2654 probat;
532 2575 606 2642 finis,
629 2592 691 2635 non
713 2592 812 2653 pugna
834 2585 966 2645 coronat,
1250 2617 1251 2630 .

217 2658 386 2719 Laudamus
409 2658 527 2718 tandem
549 2657 613 2719 sole
635 2659 760 2720 cadente
783 2659 871 2720 diem.
1091 2670 1145 2718 120
1249 2667 1250 2672 ’

174 2742 281 2804 Nostra
305 2741 500 2820 probabiliter
522 2741 582 2803 ltuc
605 2760 699 2820 usque
723 2752 842 2805 secutus
864 2762 897 2805 es
919 2761 1010 2815 arma,

217 2827 303 2886 Nunc
325 2828 408 2903 quasi
432 2827 574 2886 deficiens
595 2827 644 2886 ilia
669 2828 754 2889 ducis
776 2831 869 2888 iners.

242 3097 283 3147 97.
305 3110 354 3159 pro
371 3093 550 3162 Triptolemo,
573 3098 664 3147 Dares
681 3095 798 3159 praebet
815 3094 1035 3160 Neoptolemum.
1070 3095 1142 3151 (iod,

174 3156 381 3226 Triptolemum.
451 3165 493 3213 99,
516 3178 550 3213 ex
572 3162 697 3227 margine
721 3163 842 3214 aduncus
865 3163 940 3228 quod
963 3164 1048 3214 etiam
1067 3163 1143 3228 apud

144 3259 146 3262 v
172 3230 313 3290 Deretem,
332 3245 382 3295 pro
399 3230 523 3281 adolens.
576 3232 634 3280 101.
652 3244 722 3279 naso
734 3244 893 3294 pronatum
905 3231 965 3282 cod.
1018 3231 1076 3285 105.
1092 3229 1143 3280 At-

172 3295 277 3347 luditur
306 3295 433 3347 ciceron.
461 3297 509 3346 lib.
536 3297 570 3347 de
597 3312 656 3347 sen.
684 3312 745 3361 cap.
773 3299 813 3348 10.
887 3298 945 3352 109.
975 3296 1143 3363 Polydorus,

172 3364 262 3415 Daren
290 3364 391 3414 habet:
426 3363 596 3415 Podalirium
626 3379 761 3426 craesum,
796 3364 949 3429 valentem,
980 3363 1143 3429 superbum,

172 3431 290 3481 tristem.
361 3434 419 3484 119.
438 3430 491 3483 Ov.
510 3432 576 3483 Her.
595 3431 632 3498 11,
651 3434 694 3484 85.
729 3433 780 3486 Ex.
799 3436 853 3481 eet.
870 3432 948 3496 prob.
