2509 3917
322 210 325 213 ‘
397 204 459 255 Lib.
479 204 530 261 111.
564 219 591 255 ν.
609 205 753 258 823-864.

96 373 154 436 Nos
176 391 247 451 ergo
269 373 438 434 studeamus
460 373 497 434 ad
520 373 578 433 hoc
600 381 632 433 ut
654 370 731 432 bella
754 372 895 442 residant,

135 458 303 535 Pugnantes
325 459 459 528 redeant,
483 456 602 518 domata
624 464 709 536 grata
731 463 847 535 petant:

97 539 241 621 Quidquid
264 541 392 603 delirant
414 559 517 621 reges;
540 539 711 621 plectuntur
733 540 843 611 Achivi,

136 625 224 687 Plebs
245 627 337 688 instat
359 625 428 687 belli
449 627 567 686 sarcina
591 633 653 686 tota
676 624 745 685 tibi!
792 692 795 699 p

194 772 370 827 ACHILLES
388 771 531 828 DUCTUS
548 772 679 827 AMORE
697 770 777 826 NON
793 771 952 828 PUGNAT.

99 873 259 940 concessus
281 879 347 957 paci
370 876 536 955 completur
557 877 689 940 circulus
711 877 790 948 anni,

136 959 178 1021 td
202 970 338 1023 centrum
361 961 432 1023 belli
454 980 523 1022 mox
544 969 725 1041 properatur
747 962 799 1023 ibi.

79 1047 222 1108 -Graecos
245 1046 346 1107 educit
367 1045 539 1108 Palamedes
562 1053 592 1107 et
613 1055 716 1107 monet
737 1064 841 1107 omnes

135 1129 229 1191 Caede
253 1146 360 1191 necare
384 1148 498 1201 necem,
521 1139 619 1191 morte
642 1132 746 1208 fugare
768 1131 880 1209 fugam.

98 1213 265 1293 deiphobus
287 1214 433 1294 Phrygios
454 1216 609 1285 instaurat,
633 1217 683 1274 eui
704 1214 879 1277 Palamedes

136 1297 240 1359 Obviat
263 1309 293 1360 et
314 1298 410 1361 valide
433 1297 602 1378 dejiciendo
625 1306 721 1359 necat.

97 1380 127 1441 ln
148 1379 259 1442 bellum
281 1401 341 1443 non
363 1383 518 1462 prodierat
539 1383 676 1445 turbatus
698 1381 826 1443 Achilles
879 1444 883 1450 ,

136 1463 271 1527 Pectoris
293 1468 325 1526 in
348 1484 465 1529 camera
488 1465 594 1528 vulnus
616 1467 726 1528 amoris
749 1465 872 1527 liabens.
951 1475 959 1480 ’

96 1546 193 1627 Pugna
215 1557 315 1611 tamen
336 1553 431 1629 surgit
452 1553 608 1621 acerrima,
631 1549 755 1629 spicula,
779 1551 869 1627 conti,

135 1632 226 1694 Enses
248 1652 280 1695 se
303 1632 439 1704 densant,
464 1634 586 1697 vulnera
608 1634 690 1695 milla
713 1641 825 1695 creant.

97 1716 222 1779 Credatis
244 1717 346 1789 multa,
370 1720 395 1780 si
417 1719 509 1780 millia
532 1720 600 1781 dico
621 1720 729 1788 ruisse,

133 1800 223 1863 llillia
246 1810 289 1863 tot
311 1804 419 1864 totiens
441 1805 506 1883 quis
528 1804 673 1864 cecidisse
695 1804 798 1882 putet?

97 1883 146 1945 Vix
169 1885 246 1948 hene
267 1887 406 1963 credetis,
429 1887 481 1950 sed
504 1888 633 1959 ereditc;
657 1896 701 1948 tot
722 1888 840 1967 periere
904 1963 908 1969 ‚

134 1968 210 2040 Quot
232 1988 359 2033 numero
382 1989 442 2031 non
465 1979 509 2032 est
530 1972 682 2033 intitulare
704 1970 778 2032 leve.

96 2051 198 2116 llactat
219 2054 401 2134 Naupliades
422 2064 452 2117 et
474 2056 592 2118 dedicat
614 2073 684 2117 arva
707 2073 829 2126 cruore;
884 2064 889 2071 “

136 2137 316 2200 Substiterat
337 2138 436 2202 nullus
458 2138 541 2202 illius
563 2149 631 2202 ante
654 2156 767 2201 manus.

98 2218 164 2282 Nam
186 2226 284 2300 prima
306 2223 384 2285 volat
405 2225 436 2283 in
460 2227 531 2293 acie,
555 2226 729 2304 primusque
751 2223 867 2284 sodales

135 2304 182 2365 Sic
203 2307 316 2369 animat
337 2325 457 2386 pronos,
481 2309 517 2370 ad
540 2326 625 2386 mage
648 2326 741 2387 prona
766 2316 857 2368 vocat.
946 2372 949 2378 ,

99 2385 152 2447 Cor
174 2400 258 2452 creat
279 2392 310 2450 in
334 2392 455 2461 timidis,
478 2392 582 2454 laudes
604 2390 766 2453 audacibus
788 2398 878 2470 aptat,

134 2471 331 2536 Exhortativis
352 2475 474 2536 vocibus
497 2495 578 2537 arma
600 2484 695 2556 parat,

97 2553 207 2619 Proluit
229 2559 378 2623 interdum
402 2560 529 2621 dominis
551 2577 685 2639 pugnare
705 2557 853 2638 jubendo:

132 2640 196 2702 Non
218 2650 308 2703 nocet
329 2643 457 2704 admisso
478 2643 608 2706 subdere
631 2644 727 2705 calcar
750 2661 835 2721 equo.

96 2720 179 2785 Irruit
199 2726 231 2786 in
255 2727 371 2787 Danaos
393 2725 507 2790 validus
530 2727 695 2807 Sarpedon,
719 2736 749 2788 et
769 2727 836 2789 illos

134 2807 283 2880 Vulnerat,
306 2810 361 2870 hos
383 2812 485 2889 agitat,
508 2813 563 2872 hos
586 2812 655 2873 ierit
676 2811 791 2893 hosque
813 2824 909 2877 necat,
1005 2824 1055 2874 860

97 2889 155 2952 Rex
176 2912 268 2969 novus
290 2892 340 2956 illa
363 2894 473 2965 videns,
497 2898 628 2976 antiquis
650 2896 762 2957 viribus
786 2915 855 2958 usus

133 2976 253 3038 Advolat
275 2987 305 3038 et
326 2980 436 3040 fortem
459 2981 591 3059 perlorat
614 2999 686 3042 ense
709 2981 826 3043 ducem.

96 3054 207 3124 Exultat
231 3063 332 3132 victor,
358 3063 457 3125 titillat
477 3065 570 3142 gloria
594 3073 735 3135 mentem,

27 3150 28 3197 l
135 3143 229 3215 Quum
254 3145 345 3207 breve
366 3146 476 3209 laetitia
499 3147 631 3210 Tenerea
655 3167 775 3210 carmen
797 3148 895 3211 habet.

95 3277 289 3291 *-·——-————-

157 3364 214 3416 825.
232 3364 298 3420 Hor,
321 3365 409 3431 Epist.
428 3368 455 3430 I,
475 3367 504 3428 2,
524 3369 564 3420 14.
644 3369 703 3420 826.
722 3369 833 3433 Margo:
856 3368 954 3434 Pugna
974 3369 1053 3425 XIII.

94 3425 148 3481 ata.
166 3430 256 3482 calcar
273 3447 323 3498 pro
342 3433 400 3484 eod.
420 3449 524 3485 carcar.
542 3467 576 3476 -
594 3436 672 3487 subd.
691 3451 713 3491 c,
733 3452 756 3489 e.
775 3435 856 3488 ovid.
874 3437 926 3486 Ara
945 3451 996 3489 am.
1014 3436 1052 3501 11,

96 3493 148 3546 732.
165 3496 276 3555 Remed,
294 3500 353 3554 tea.
373 3517 406 3551 ex
423 3501 505 3554 Pont.
523 3502 560 3565 II,
579 3504 603 3566 d,
621 3505 663 3555 38.

816 3584 850 3637 71
