2509 3917
398 243 460 295 Lib.
482 242 527 293 VI.
565 259 590 294 v.
610 245 753 294 tol-734.

295 405 405 474 [Quor
423 405 464 459 IN
482 404 597 461 BELLO
616 407 731 462 OCCISI
750 407 866 476 SUNT]

91 512 235 572 Dicamus
257 510 389 573 breviter
411 509 558 590 Trojauae
581 519 716 591 ternpore
738 530 855 591 pugnae

135 596 286 674 Parteque
309 603 382 675 quot
403 602 512 656 stratae
535 597 594 656 sint
615 597 652 657 ab
676 607 802 677 utraque
824 598 926 676 gulae;

94 679 203 740 iliacos
225 681 342 741 cineres
363 691 429 757 post
452 681 620 741 deseruisse
643 680 782 759 Pelasgos

139 760 324 833 Scribamus,
347 764 438 841 gades
460 765 503 825 sic
525 764 584 825 sibi
606 765 671 842 ligit
693 782 778 844 opus.

25 873 32 876 v
92 850 196 909 Annos
217 848 307 927 junge
331 847 451 917 decem„
467 867 517 908 sex
540 850 703 920 mensibus,
725 849 772 910 his
794 851 947 913 duodenos
1011 861 1060 910 705

137 932 218 994 nude
241 932 313 999 dies,
337 941 451 993 tantum
475 933 582 993 Troica
606 951 704 1013 pugna
726 938 825 1003 stetit:

92 1019 165 1078 Post
188 1019 355 1094 octingenta
379 1034 431 1077 sex
454 1020 664 1097 octogintaque
686 1037 788 1098 ponas,

138 1101 227 1163 Millia
251 1099 436 1179 Grajugenas
458 1109 502 1161 tot
524 1102 666 1163 cecidisse
688 1106 774 1165 scias.

94 1186 208 1247 Troum
230 1195 370 1246 sexcenta
392 1188 449 1246 tria
472 1189 658 1265 septuaginta
682 1199 807 1250 ruerunt

139 1267 239 1339 Millia,
263 1269 314 1330 sed
338 1270 468 1330 nondum
491 1270 650 1332 traditione
672 1272 754 1338 data;

96 1354 237 1414 Extrema
261 1362 346 1414 nocte
369 1355 501 1414 cinerum
525 1355 663 1416 cecidere
685 1356 810 1416 ducenta

142 1437 179 1498 Et
202 1438 302 1499 decies
325 1447 438 1517 septem
461 1437 551 1499 millia
575 1457 687 1517 sexque
709 1439 871 1518 Phrygum.

97 1522 157 1583 Pro
179 1529 242 1583 toto
263 1523 377 1582 'l'roum
399 1540 525 1583 numero
546 1526 706 1600 nonaginta
731 1532 871 1584 vocantur

140 1606 177 1667 Et
199 1607 393 1686 quadraginta
417 1606 511 1667 millia
533 1615 637 1686 terque
659 1609 724 1667 tria.

96 1689 234 1751 lllillesies
254 1690 336 1755 mille
357 1691 528 1769 permixtim
550 1694 682 1769 quinque
706 1700 836 1752 trecenta
1012 1702 1061 1750 715

141 1775 176 1835 Et
199 1774 291 1835 denos
313 1783 380 1835 octo
402 1773 493 1835 millia
516 1793 601 1835 caesa
624 1784 704 1853 puta.

87 1856 213 1939 ¹Quique
236 1857 457 1937 superfuerant,
481 1865 599 1919 ventum
623 1861 763 1937 dispersit
784 1861 815 1919 iu
839 1878 956 1921 omnem

141 1943 228 2004 Sorte
250 1961 391 2022 premens
411 1942 478 2004 illos
500 1946 652 2022 asperiore
675 1944 756 2005 deus.

78 2028 173 2095 ,Cum
194 2028 316 2096 ratibus,
341 2027 449 2103 quibus
471 2028 507 2087 ad
533 2028 662 2089 Graecos
684 2029 767 2088 Paris
788 2030 883 2088 iverat
904 2027 983 2097 olim,

140 2111 264 2188 Navigat
286 2117 408 2179 Aeneas,
433 2110 582 2187 multaque
606 2112 693 2171 turba
716 2129 826 2173 comest
1011 2122 1062 2170 tao

97 2197 171 2257 Cum
194 2195 420 2276 quadringentis
442 2205 472 2256 et
494 2194 622 2255 millibus
646 2213 709 2255 esse
733 2195 850 2256 duobus

141 2280 255 2342 Dicitur
278 2288 307 2340 et
330 2278 416 2339 tellus
438 2280 525 2341 Adria
549 2287 625 2341 tacta
647 2278 703 2339 sihi
726 2286 779 2340 est.

97 2366 215 2442 Longas
237 2366 377 2424 sustinuit
399 2366 490 2424 maris
512 2366 582 2443 iras,
605 2381 673 2426 nam
696 2362 874 2424 sceleratum

141 2450 198 2509 Per
220 2466 313 2516 mare,
336 2466 390 2526 per
413 2455 508 2509 terras
530 2448 654 2525 septima
675 2447 769 2526 jactat
789 2448 893 2508 hiems.
1070 2508 1073 2512 ,

97 2534 202 2608 Longo
225 2531 357 2592 membra
381 2531 461 2591 dedit
483 2531 686 2592 infelicissima
709 2530 796 2601 bello,
1001 2540 1062 2589 ⁴125

141 2617 269 2677 Externa
293 2615 410 2676 taudem
434 2616 571 2677 conditus
594 2614 661 2676 exul
684 2615 785 2677 humo.

96 2705 231 2762 Antenor
254 2699 332 2761 subit
353 2700 539 2777 Hesperiam,
563 2700 622 2761 duo
644 2699 736 2761 miHia
758 2718 858 2761 secum

142 2784 298 2845 Deduoens
320 2783 422 2863 populi
445 2793 549 2862 pausat
570 2786 711 2845 humatus
732 2785 785 2846 ibi.

52 2887 63 2898 ²
98 2866 223 2930 Hecuba
246 2868 438 2929 Cassandram
461 2888 563 2930 secum
585 2869 684 2939 trahit,
707 2867 994 2948 Andromachenque

141 2953 287 3020 Hectoris,
311 2960 356 3013 est
377 2951 509 3013 Helenus
531 2955 696 3013 associatus
718 2953 772 3013 eis.
1012 2962 1063 3011 730

97 3037 161 3099 Una
184 3035 361 3115 sybillarum
385 3035 547 3097 Cassandra
570 3038 662 3098 luisse
684 3044 812 3116 putatur,

141 3120 178 3181 m
199 3119 277 3181 bene
299 3120 459 3182 concordat
481 3123 623 3199 temporis
645 3120 718 3181 hora
740 3122 795 3181 rei.

98 3205 172 3266 Nam
195 3201 250 3266 sub
271 3203 420 3282 judicibus
443 3212 471 3265 et
494 3206 596 3264 eodem
620 3212 763 3283 tempore,
786 3202 893 3282 Trojae

142 3288 243 3350 Gloria
267 3307 325 3369 qno
347 3289 464 3357 cecidit,
490 3300 594 3367 quarta
616 3283 728 3367 Sybilla
751 3289 817 3349 luit.

98 3522 155 3573 ΡΜ
167 3459 227 3507 711.
244 3458 354 3522 Margo:
375 3471 456 3520 quum
474 3456 632 3506 incinerata
650 3455 710 3510 fuit,
780 3456 838 3506 tae.
856 3454 966 3518 Margo:
983 3452 1063 3516 juxte

156 3539 210 3574 um.
