2509 3917
173 155 240 220 200

174 311 252 371 llum
277 309 357 371 ridet
371 310 452 372 hunc
467 328 582 379 sanum,
606 311 677 372 dum
693 312 799 378 vivon,
822 311 954 387 dumque
971 309 1133 372 decentem

217 394 362 463 Extrahit,
385 395 547 474 adspectat,
571 395 673 463 nutrit,
696 395 826 473 adoptat,
848 392 949 455 habet.
1113 404 1149 453 30

83 533 90 539 .
174 478 233 549 Qui
256 475 385 558 pastoris
407 498 478 541 ores
497 485 598 557 pastor
621 478 691 540 dum
713 480 808 558 pascit
829 478 964 540 adultus:

218 563 403 625 Conveniunt
424 564 461 624 ad
484 582 552 625 eum
575 563 664 634 luno,
686 562 825 630 llinerra.
851 563 957 624 Venus.

89 699 95 711 .
177 648 323 709 iudicium
347 648 464 710 Paridis
484 665 562 729 qnae
585 649 623 708 sit
645 645 847 726 pulcherrimo
868 654 1027 728 quaerunt,

221 733 401 793 Promittunt
423 735 513 793 eliam
535 749 660 793 munera
683 750 818 811 quaeque
841 749 903 792 sua.

177 818 257 878 June
279 815 387 881 decus;
410 815 507 879 Pallas
529 818 621 884 vires;
646 815 790 895 Cytherea
813 816 955 896 puellam:
1113 825 1150 873 35
1200 807 1205 818 '

220 900 278 962 Sed
301 902 409 962 Veneri
432 901 539 962 tribuit
559 903 690 970 vincere,
714 904 809 961 victus
831 920 875 962 ea.

178 986 239 1046 llex
261 984 420 1064 aliqnando
443 984 546 1046 ridens
567 985 648 1045 lrunc
670 984 769 1053 talem,
794 994 853 1046 tarn
875 985 1056 1063 speciosum,

220 1070 294 1130 Tam
316 1087 436 1149 quoque
458 1070 655 1138 consimilem,
679 1071 812 1148 concipit
834 1088 900 1130 esse
920 1085 1017 1128 suum.

178 1154 311 1233 liemque
333 1154 464 1231 probans
487 1165 587 1216 reram
609 1172 665 1234 per
686 1172 789 1214 servos
812 1172 881 1214 vera
902 1154 1031 1214 latentes

220 1238 378 1299 Germanis
398 1238 536 1300 Paridem
559 1238 659 1299 reddit
679 1238 794 1299 honore
817 1256 929 1317 parem.

179 1325 293 1386 [luctus
314 1340 417 1384 amoro
439 1333 533 1403 pater,
558 1320 603 1383 rel
626 1324 729 1383 matris
750 1324 865 1383 somnia
887 1322 968 1383 ducit

222 1407 311 1476 Vana,
334 1405 380 1467 vel
402 1410 434 1467 io
458 1406 562 1469 melius
585 1415 701 1467 vertere
724 1425 791 1468 vera
814 1407 925 1467 studet.

179 1494 228 1553 Sic
249 1510 348 1571 neque
371 1492 539 1560 consilium,
563 1509 661 1571 neque
682 1509 742 1562 res,
765 1510 863 1571 neque
884 1494 966 1570 regia
990 1490 1099 1558 virtus,

221 1576 282 1638 Nec
304 1580 416 1655 superi,
441 1594 495 1637 nec
518 1576 617 1644 horno,
642 1585 758 1637 vertere
781 1576 840 1636 lata
864 1576 970 1639 valent.

179 1660 238 1721 Sed
261 1659 378 1722 laudata
401 1662 498 1721 Venus
520 1660 637 1740 culpam
659 1678 715 1740 pro
738 1660 826 1722 laude
849 1662 1035 1740 rependens:
1117 1668 1149 1716 45

223 1744 308 1805 lluuc
329 1753 439 1813 monet,
462 1744 543 1806 hunc
565 1746 656 1823 angit,
679 1745 760 1806 hunc
782 1752 895 1805 cremat
916 1748 986 1824 igne
1009 1761 1098 1808 novo.

180 1828 276 1899 Quid?
297 1827 382 1889 Pari!
405 1829 475 1906 quid
498 1836 594 1890 mutas
617 1831 729 1908 pariter
751 1848 820 1891 curn
842 1830 934 1891 corde
956 1825 1113 1890 colorem?

222 1912 273 1972 Sic
295 1920 363 1980 stat,
386 1914 430 1971 sic
453 1914 592 1992 loquitur,
616 1917 660 1973 sic
683 1913 843 1975 meditatur
866 1932 977 1975 amans.

179 1997 221 2056 l'e
244 1995 368 2057 Veneris
391 1999 536 2075 promissa
559 2004 688 2068 movent,
712 1997 903 2075 Helenaeque
925 2003 1076 2065 venustas,
1104 2039 1113 2054 .

222 2080 317 2151 Quam
339 2097 395 2157 pro
418 2080 506 2142 laude
529 2082 582 2142 tibi
605 2081 658 2142 sed
681 2084 745 2141 sine
767 2081 854 2142 laude
878 2082 970 2144 dabit.
1115 2091 1150 2138 oo

179 2166 222 2226 l'e
246 2168 337 2226 movit
359 2173 388 2226 et
410 2167 525 2244 species
548 2173 576 2225 et
599 2184 673 2245 apex
697 2173 727 2226 et
749 2166 880 2244 sanguis,
905 2175 934 2227 et
955 2175 1046 2233 aetas,

223 2250 284 2311 Nec
307 2258 413 2320 movet,
436 2250 527 2312 immo
549 2250 636 2328 ligat;
661 2268 715 2310 nec
738 2250 819 2327 ligat,
842 2254 934 2312 immo
957 2249 1061 2312 trahit,

179 2336 262 2395 llanc
284 2336 385 2411 cupis,
408 2335 484 2395 hanc
506 2334 608 2403 ardes,
632 2336 708 2395 lianc
731 2353 854 2413 prorsus
876 2337 994 2415 quaeris
1018 2332 1148 2395 habere:

222 2420 315 2490 Quam
339 2419 395 2489 lex,
419 2438 506 2498 quam
529 2418 633 2488 Danai,
657 2437 746 2498 quarn
768 2420 824 2480 tibi
846 2421 905 2480 lata
928 2426 1047 2496 negant.

181 2503 242 2564 Cur
264 2502 422 2580 conjuncta
444 2505 509 2563 viro
531 2502 661 2564 mulieri
683 2522 738 2564 cur
760 2506 841 2582 regia
864 2504 991 2583 conjux?
1117 2511 1150 2560 55

224 2587 283 2647 Cur
305 2589 407 2664 ignota
431 2588 506 2648 tuis?
529 2606 582 2648 cur
606 2585 660 2648 tibi
683 2589 795 2649 Graeca
818 2588 932 2667 placet?
960 2608 974 2625 ‘

181 2671 240 2732 Cur
261 2688 322 2731 non
344 2678 427 2749 grata
450 2671 505 2734 tibi
528 2674 627 2751 potius
651 2673 843 2749 virguncula?
865 2691 920 2733 cur
942 2689 1001 2732 non

223 2755 290 2834 lpse
312 2757 419 2830 Venus,
444 2775 520 2836 quae
542 2768 571 2817 te
590 2756 691 2836 judice
714 2756 835 2835 pulelrra
858 2757 934 2817 luit?

49 2917 54 2928 Ι
137 2897 141 2903 ,
181 2842 241 2901 Cur
262 2841 306 2901 sic
327 2840 491 2918 degeneras
513 2848 594 2901 totus
615 2848 774 2918 generatus
795 2843 827 2899 in
849 2841 959 2901 armis?

225 2922 332 2984 Nesia
354 2924 533 3002 degenerem
556 2925 695 2985 Hectoris
718 2933 781 2985 esto
804 2943 929 2986 memor.
1118 2935 1153 2984 60

182 3008 287 3070 Nonne
311 3010 402 3069 miser
424 3018 545 3087 reputas
567 3007 756 3069 miserabile?
780 3027 879 3070 nonne
902 3009 1061 3091 pudorem:

224 3092 265 3152 l'e
288 3091 382 3154 solum
407 3093 538 3162 Veneris,
561 3092 690 3153 Palladis
714 3113 778 3155 esse
801 3095 888 3155 tuos?

181 3177 274 3237 Cedat
296 3176 394 3237 mollis
416 3196 498 3237 amor
521 3181 634 3255 patriae
659 3179 773 3238 virtutis
795 3195 906 3242 aurore.

225 3262 403 3321 Hectoreum
428 3261 549 3320 fratrem
573 3279 632 3321 noo
656 3264 712 3321 nisi
736 3263 793 3321 tela
816 3263 931 3322 decent.

183 3343 262 3418 Ergo
285 3360 414 3421 sequens
436 3345 551 3401 animos
574 3346 700 3404 animosi
724 3346 825 3404 fratris
848 3355 877 3405 et
898 3364 993 3406 arma:
1119 3357 1151 3404 65

231 3424 316 3493 Quod
339 3428 423 3501 cupit
443 3424 513 3484 illud
538 3444 612 3494 ama,
637 3428 714 3503 qnod
738 3430 810 3488 lacit
832 3429 904 3488 illud
928 3448 991 3507 age.
