2509 3917
182 115 243 180 186
492 128 554 181 555.
574 130 621 180 55.
657 149 684 181 v.
702 137 847 190 555-555.

179 269 268 349 Troia
290 271 370 351 jacet
391 285 474 338 55515
496 280 605 350 Danais
628 287 722 347 inrisa
745 287 863 366 puellis,

221 353 279 414 lam
303 355 377 418 bove
400 365 514 440 captivo
537 368 680 445 Pergama
704 374 799 433 515155
812 375 894 436 'arat

176 436 239 497 Sub
262 440 388 517 pedibus
410 444 532 511 55155115
555 469 629 522 eam,
655 471 730 531 quae
753 461 881 520 maxima
904 459 1013 522 (ludum

218 521 348 600 Regibus
371 537 400 587 et
422 535 538 608 magnis
559 536 752 615 imperitabat
773 541 864 604 beris.

174 604 344 668 Promeruit
366 622 465 674 nostra
481 615 611 694 'magnas
634 628 797 687 constantia
821 626 931 698 laudes,
1093 644 1144 691 555

215 688 272 749 Ρ55
296 711 349 753 555
370 697 401 756 15
424 699 523 761 515555
546 702 635 782 'l'roja
658 709 771 787 sepulta
792 710 879 789 jacet.

173 772 230 832 Vos
254 773 336 846 baec,
358 797 411 840 555
433 783 562 862 inquam,
587 791 710 856 51515515
732 793 804 853 55115
826 795 864 856 515
887 803 955 857 5515

214 857 292 919 Solis
315 860 350 919 ad
375 881 511 928 oceasum
536 868 632 935 laudis
654 875 769 937 bonore
791 877 877 939 15551,

170 937 263 1000 lmmo
286 948 435 1009 terrarum
459 967 517 1028 quo
539 960 677 1035 tempore
698 961 825 1022 volvitur
847 963 938 1034 orbis,

211 1023 357 1089 Omnibus
379 1033 409 1092 io
431 1031 543 1112 linguis
565 1040 622 1106 1515,
644 1045 815 1123 triumphus
838 1050 903 1108 5511.
1089 1063 1143 1112 555

169 1104 287 1185 Trojam
311 1111 427 1185 devicit,
451 1121 621 1192 cantabunt,
646 1129 768 1189 Graecia
791 1133 906 1200 victrix,

211 1189 339 1256 Crimine
362 1215 438 1275 quae
460 1202 577 1268 Paridis
600 1211 633 1270 lit
655 1230 755 1289 rogus,
780 1216 851 1275 inde
874 1218 960 1277 einis.

167 1272 278 1337 Obruta
301 1278 388 1359 Troja
413 1284 499 1347 docet
520 1292 624 1353 mundi
647 1297 717 1375 quid
741 1300 771 1358 io
795 1300 935 1360 omnibus
957 1304 1034 1363 55115

208 1359 259 1419 Est
281 1364 388 1426 virtus:
411 1368 527 1446 placitis
549 1375 725 1440 abstinuisse
748 1381 844 1443 bonis.

165 1439 303 1507 Elboiens
323 1447 373 1508 ille
395 1463 496 1515 manet
518 1458 584 1519 urbi
608 1480 697 1523 55555
719 1467 835 1534 5551555,
886 1517 889 1520 l
1087 1482 1140 1531 565

207 1531 302 1588 Ausus
325 1530 449 1609 legitimi
473 1538 574 1602 lallere
593 1543 660 1622 jura
685 1550 751 1609 1551.

164 1606 209 1667 Ob
232 1610 346 1676 Paridis
369 1621 510 1693 praedam
534 1628 705 1703 praedatam
730 1632 850 1692 cernitis
872 1634 990 1707 urbem,

201 1692 258 1752 llio
280 1701 385 1759 merito
409 1706 494 1776 venit,
517 1709 567 1771 illa
590 1712 718 1792 maligna
741 1718 808 1778 luit.

161 1770 219 1833 Vos
241 1781 311 1839 istas
334 1781 422 1845 hodie
444 1808 494 1851 res
517 1793 686 1874 diripuistis
708 1800 843 1870 honeste,

203 1859 322 1921 Viribus
344 1869 446 1944 egistis
468 1879 576 1944 omnia.
602 1881 710 1943 1555515
732 1883 818 1944 nibil.
1084 1904 1137 1954 575
1233 1907 1235 1914 “

159 1938 252 2009 Quam
276 1944 361 2017 bene,
385 1956 463 2031 quod
487 1964 627 2036 praedam
651 1977 767 2045 partem
791 1973 934 2046 portastis
957 1976 988 2032 in
1014 1994 1117 2048 unam,

202 2024 252 2086 llst
275 2033 361 2107 spolii
385 2037 480 2099 danda
504 2049 602 2120 portio
625 2053 733 2130 cuique
757 2071 821 2117 sua.

74 2179 79 2187 ι
159 2106 219 2185 Η15,
243 2115 353 2191 quibus
375 2129 420 2180 551
442 2130 589 2200 promissa
612 2133 695 2201 115155,
719 2144 813 2195 551515
836 2138 948 2214 11515155,

200 2193 293 2259 Fraus
315 2201 407 2265 absit:
434 2224 539 2273 vacuas
561 2216 662 2277 caedis
684 2217 792 2280 babete
815 2240 930 2285 manus.

156 2275 256 2341 Laudo
280 2301 338 2353 vos,
362 2288 466 2371 sedin
490 2295 546 2356 boc
569 2301 751 2371 5551555515,
776 2304 865 2366 vultis
889 2309 1001 2371 eisdem
1080 2324 1131 2372 575
1233 2353 1235 2384 r

199 2362 308 2427 Stricte
330 2374 506 2447 promissam
529 2382 553 2439 si
576 2390 724 2447 temerare
746 2387 846 2450 iidem.

157 2444 187 2520 Si
211 2451 250 2508 sit
272 2461 437 2518 contactum
461 2464 618 2541 quiequam
642 2469 795 2532 derebus
817 2491 931 2545 eorum,

196 2530 348 2598 Reddatur
369 2547 498 2618 penitus,
525 2554 623 2612 omnis
646 2552 749 2615 abesto
772 2556 868 2619 dolus.

154 2611 268 2679 Aeneas
290 2634 408 2685 maneat
430 2646 497 2690 eum
524 2632 736 2714 Polydamante
758 2642 884 2719 quietus,

194 2697 246 2760 llis
269 2714 332 2765 5551
354 2711 501 2791 Analegon
527 2726 556 2778 51
578 2737 679 2781 eomes
700 2724 764 2802 ipse
786 2725 898 2796 Doioo;
1077 2744 1129 2793 580

218 2853 277 2903 551.
300 2857 418 2911 imitatio
437 2862 534 2915 sabini
552 2869 579 2923 Ι.
606 2872 653 2919 122

302 2939 356 2974 non
374 2943 416 2979 me
435 2931 520 2995 Troja
538 2939 616 2986 tenet
634 2937 728 3000 Grajis
746 2942 845 2993 odiosa
863 2945 974 3010 puellis

150 2985 210 3037 552.
230 2988 316 3044 schol.
334 2996 465 3057 possibile
483 3003 568 3064 ponit.
587 3003 666 3058 Ovid.
685 3008 798 3058 Heroid.
817 3011 840 3072 Ι,
859 3014 900 3061 51.
919 3016 962 3063 52.

352 3087 383 3096 —-
402 3090 434 3101 —
453 3093 485 3102 -
503 3071 550 3119 nni
569 3072 636 3120 mibi
654 3073 791 3139 Pergamo
809 3084 930 3139 restant;
1233 3149 1234 3164 χ

310 3127 406 3181 Incola
424 3136 534 3199 captivo
553 3154 623 3203 qnae
642 3141 712 3191 bove
729 3143 909 3212 5151555551.

148 3189 207 3239 564.
243 3191 339 3245 Ovidii
366 3202 542 3258 551Η555151.
566 3204 656 3264 XVII,
679 3210 721 3258 98.
833 3214 891 3264 565.
919 3215 1003 3266 sobol.
1032 3220 1125 3280 Poris,
1233 3235 1234 3286 g

148 3256 207 3305 566.
226 3259 278 3310 Ov.
296 3263 360 3313 Hor.
380 3266 453 3329 XVI,
473 3272 524 3319 284

350 3330 489 3398 Castaque
508 3334 628 3399 legitimi
646 3338 745 3389 fallere
760 3340 826 3403 jura
845 3348 899 3395 tori

147 3385 206 3436 571.
225 3391 311 3442 schol.
333 3411 356 3458 q.
374 3398 401 3448 b.
423 3400 579 3449 1551511515
597 3403 662 3453 hoe:
716 3410 774 3460 574.
795 3411 1045 3479 05151.Α55Α55.Ι,
1060 3420 1123 3469 642.
