2509 3917
351 159 354 162 ·
446 144 509 196 ιιι,
529 144 569 195 ιι
594 147 732 199 v.1-ae.
1041 143 1083 208 39

11 321 13 324 ·
122 292 350 351 EXPLIOIUNT
371 290 560 346 CAPITULA.
585 291 721 347 INCIPIT
738 291 929 348 SECUNDUS
946 259 1063 348 LIBER.

103 419 177 480 Non
199 432 319 493 semper
342 414 433 474 leriet
455 414 654 493 quodeunque
675 414 838 475 minabitur
860 432 958 485 araus,

153 503 330 578 lneoepturu
353 514 439 558 nasus
461 515 551 578 saepe
574 498 707 559 retardat
728 516 814 578 opus.
877 571 882 576 ἱ

104 588 177 648 Jam
199 584 316 664 pridem
339 591 424 662 rapta
447 582 551 643 Castor
573 581 738 661 Pollurqne
760 599 866 644 sorore

152 673 267 746 Aspera
287 666 433 726 vindicem
457 668 574 728 mittere
597 667 655 726 tela
678 666 810 727 student.

106 753 297 816 Praedonem
319 750 417 812 subito
439 751 553 826 galeata
576 768 650 811 nave
672 758 837 829 sequuntur

152 842 191 898 At
212 834 324 896 Bnreas
344 834 403 894 illis
425 834 523 895 obstat
544 842 575 894 et
595 833 675 896 unda
699 837 804 903 maris3

106 923 186 984 Nam
209 927 366 998 postquam
388 917 503 978 solvere
525 925 620 980 ratem
644 917 681 978 de
702 918 804 980 littore
826 918 925 988 Lesbi,

154 1006 281 1066 Maxima
304 1009 464 1082 tempestas
485 1019 540 1080 per
561 1020 645 1063 mare
664 1000 737 1080 jeeit
759 1021 826 1071 eos:

107 1090 162 1151 Sic
185 1098 218 1149 ut
240 1088 403 1147 eorundem
425 1088 547 1162 vestlgia
570 1104 629 1147 nou
652 1088 810 1165 reperiret,

153 1172 216 1233 Hos
238 1172 430 1250 perquisierit
450 1170 574 1232 Lesbios
597 1171 684 1232 turba
707 1172 786 1236 lieet.
1048 1182 1080 1231 to

106 1257 171 1318 Per
193 1255 329 1336 pelagum
353 1254 450 1315 donee
472 1255 509 1314 ad
531 1253 675 1332 Pergama
697 1264 788 1316 nauta
810 1257 944 1317 marirms

152 1337 263 1401 Ambos
285 1338 429 1417 quaesivit
451 1356 507 1399 nee
528 1341 679 1416 reperisse
701 1337 777 1400 tulit.

110 1422 227 1487 Fabula
249 1423 405 1483 suillorum
428 1422 507 1484 loeat
528 1425 607 1484 inter
628 1422 729 1483 sidera
751 1424 868 1493 iratres,

154 1509 188 1569 ln
210 1507 347 1585 geminis,
370 1508 462 1576 aiunt,
485 1506 541 1567 laos
562 1505 681 1567 radiare
703 1506 795 1568 rides.

107 1592 171 1664 Qui
194 1593 279 1671 prius
300 1592 443 1658 exoritur,
467 1591 515 1650 bio
537 1590 658 1651 ultimus
681 1591 804 1659 oceidit3
829 1593 933 1670 etqui
1047 1601 1079 1649 ss

153 1675 283 1739 Ultimus
304 1676 447 1744 exoritur,
471 1675 579 1736 oeoidit
599 1675 650 1736 ille
672 1676 764 1754 prior.

106 1762 206 1823 Immo
228 1759 321 1819 Dares
342 1759 489 1837 Phrygius
510 1761 561 1838 qui
582 1759 689 1820 Troica
712 1757 827 1838 proelia
849 1760 966 1839 scripsit

153 1843 275 1905 Illorum
298 1843 380 1904 nulla
402 1844 440 1903 de
462 1861 535 1904 neae
557 1845 668 1924 scripta
691 1843 784 1905 dedit.

107 1930 173 1991 Hos
195 1936 260 1990 erat
281 1930 312 1987 in
335 1926 443 2007 Trojae
466 1945 581 1989 memor
603 1927 761 1988 obsidione
782 1930 909 1998 stetisse,

154 2013 230 2073 Sunt
251 2011 288 2073 ab
311 2030 347 2071 eo
369 2013 424 2072 risi
447 2020 583 2091 ternpore
603 2014 688 2090 pacis
709 2010 761 2072 ibi.
1041 2022 1076 2070 2ο

106 2097 208 2174 Saepe
229 2096 426 2174 loquebantur
448 2094 588 2174 Trojani:
612 2097 740 2157 vidimus
761 2094 843 2164 illos;

152 2181 190 2241 Et
211 2181 283 2241 satis
303 2180 459 2240 amborum
482 2180 648 2240 disseruere
669 2189 789 2240 statum.

108 2264 263 2327 Praeclari
284 2264 358 2325 laeie
381 2263 542 2325 deductum
565 2269 676 2344 eorpus
698 2262 847 2324 habebant

153 2349 290 2410 Caesarie
311 2347 390 2417 ilari,
412 2366 540 2426 corpore
561 2367 657 2427 paene
679 2350 755 2427 pari

107 2432 224 2510 Magnis
246 2431 405 2492 stellabant
426 2433 528 2501 oeulis,
550 2430 698 2493 laudabile
720 2429 819 2491 vultus
1041 2440 1075 2490 25

154 2516 250 2596 Hujus
272 2525 302 2577 et
324 2513 528 2577 membrorum
551 2517 618 2577 dieo
640 2517 730 2576 luisse
752 2515 852 2576 decus.

107 2668 313 2677 m

177 2752 201 2801 4.
229 2748 297 2800 Ood.
321 2749 429 2802 Moesia
452 2757 483 2801 ut
506 2756 535 2800 et
552 2751 650 2802 Darsa
674 2755 767 2801 tamen
783 2750 853 2816 Mys
871 2749 1018 2815 legendum
1040 2752 1074 2800 ob

107 2831 221 2868 uersum
238 2817 281 2866 uti
298 2820 384 2868 etiam
399 2819 512 2873 infra
543 2820 567 2867 6.
586 2817 774 2870 Protbetelae.
812 2768 856 2872 ys
874 2817 941 2867 Ood.
958 2816 1075 2897 Naupli·-

109 2899 159 2935 eus
170 2885 308 2934 utambit.
342 2885 373 2935 In
391 2886 515 2951 margine
533 2884 672 2935 scholion.
689 2885 853 2935 Palamedes
871 2883 944 2934 filius
962 2882 1074 2951 Naupli.

108 2954 134 3003 1
162 2950 276 3003 Horat..
308 2957 351 3002 est
376 2954 409 3006 Α.
434 2954 466 3003 Ρ.
488 2968 514 3004 v
537 2955 596 3003 350.
633 2954 692 3003 Nee
713 2968 850 3017 semper
845 2957 925 3002 ste.
967 2953 992 3006 2.
1022 2952 1076 3003 Ov.

11 3007 13 3042 ³
107 3017 200 3071 Amor
218 3018 270 3081 111,
290 3021 334 3083 ιι,
353 3022 385 3071 rs

264 3085 393 3137 Phoebus
411 3092 440 3137 et
457 3083 617 3152 incoeptum
635 3084 810 3138 destituisset
828 3101 905 3152 opus

106 3156 139 3206 Pr
158 3150 223 3205 cod.
243 3158 330 3217 optat.
384 3156 408 3205 7
435 3154 501 3205 Cod.
519 3154 622 3205 Lesbo.
668 3156 711 3214 20.
729 3154 812 3205 Error
828 3153 953 3216 Albsrti3
983 3155 1074 3205 Dares

108 3236 135 3269 e.
159 3222 190 3269 12
214 3218 295 3283 dieit,
325 3226 472 3286 postquam
490 3222 523 3271 ds
543 3219 661 3272 Castore
680 3228 708 3272 et
726 3222 840 3272 Polluee
860 3222 964 3286 egit„
965 3222 1025 3280 ‚bos
1044 3236 1073 3272 se

100 3286 225 3349 simma,
253 3302 335 3353 quum
359 3289 489 3339 induciae
509 3295 616 3351 essent,
649 3289 749 3354 partim
767 3288 871 3353 proelio
894 3288 1075 3338 interfuisse“

108 3353 160 3404 sed
176 3354 357 3419 intelligenti:
376 3354 543 3407 Graecorum
555 3325 791 3420 Tro’jauorumqns
810 3355 904 3417 duces,
922 3370 986 3420 qma
998 3370 1075 3417 prins

109 3423 184 3473 ιι,11
203 3422 344 3473 interiisse
357 3421 500 3474 Castorem
514 3429 542 3474 st
553 3423 694 3474 Pollucem
708 3430 773 3474 ante
786 3422 889 3473 bellum
900 3426 1073 3473 narraverat.
