2509 3917
153 173 214 235 140
465 170 527 221 Lib.
548 172 579 223 V.
610 186 636 221 v.
654 171 797 220 *zet-285.

195 323 291 403 Ejulat
312 331 342 384 ei
364 321 502 401 lacrymis
524 321 604 383 illius
625 340 695 383 ossa
716 322 802 398 rigat.

153 408 177 469 0
200 417 294 488 pater,
317 427 335 468 o
357 408 471 485 patriae
494 405 595 476 decus,
618 424 637 465 0
660 406 821 466 fortissime
840 404 927 464 miles
1071 413 1124 461 255

195 492 220 554 0
246 492 308 551 vice
331 490 470 558 celebris,
495 490 596 551 nobile
619 490 716 550 sidus!
739 491 793 557 ait;

151 577 177 638 0
199 577 256 638 mel
281 576 408 644 virtutis,
432 595 450 635 o
471 576 569 636 lamae
591 575 741 635 balsamus
762 572 887 651 amplae,

196 660 301 721 Turris
324 659 498 724 honestatis,
523 658 726 719 strennuitatis
748 675 838 737 apem

154 745 267 808 Oresa
291 743 424 813 miiitiae,
447 744 606 822 probitatis
629 745 719 803 tincta
743 741 852 808 colore,

197 830 233 891 Et
255 846 409 908 nunquam
432 831 518 906 spina
541 827 710 889 derosulata
733 828 830 902 fugae,
1073 835 1126 883 260

153 913 329 984 Quomodo
350 912 532 991 perdiderim
554 920 586 972 te
609 914 722 981 nescio,
745 911 852 969 mortis
873 910 994 987 iniquae

197 999 336 1058 Fraclum
360 997 529 1074 naufragio,
554 1006 593 1071 te,
617 994 796 1056 miserande!
818 1011 915 1071 gemo.
938 1029 940 1032 -

153 1080 260 1143 Omnia
284 1099 365 1141 mors
387 1081 512 1149 mordet,
536 1099 554 1140 o
578 1098 659 1140 mors
681 1090 713 1139 tu
734 1096 791 1139 nec
812 1080 925 1156 speciei

199 1164 300 1225 Parcis
323 1181 379 1224 nec
401 1168 517 1244 generi,
539 1167 635 1242 gratia
659 1162 739 1225 nulla
760 1161 827 1222 tibi.

153 1248 286 1310 Testudo
308 1248 434 1317 miseris,
458 1251 542 1325 tigris
565 1248 703 1311 felicibus
725 1256 771 1309 est
792 1264 885 1321 mors,
1072 1256 1126 1304 265

200 1333 297 1413 Saepe
319 1341 421 1394 vocata
443 1334 530 1411 legit,
554 1351 645 1413 saepe
666 1335 767 1409 iugata
790 1329 883 1392 subit.

154 1416 245 1479 Dulce
268 1418 343 1480 muri
366 1418 494 1484 miseris.
517 1418 569 1478 sed
594 1434 675 1477 mors
697 1424 796 1495 optata
819 1415 948 1481 recedit:

197 1502 244 1570 Et,
268 1518 336 1562 cum
359 1504 455 1562 tristis
478 1503 543 1572 erit,
567 1503 762 1581 praecipitata
785 1501 875 1559 venit.

155 1586 235 1647 blors
258 1585 411 1646 bominum
435 1585 504 1645 lelix
527 1604 604 1665 quae
627 1605 660 1647 se
683 1603 739 1646 nec
761 1582 899 1645 dulcibus
921 1585 1007 1643 anuis

196 1669 305 1730 luserit
327 1678 357 1731 et
379 1671 500 1731 moestis
522 1688 611 1749 saepe
634 1678 736 1731 vocata
760 1670 854 1738 renit;
1071 1676 1126 1725 270

155 1752 235 1813 Mors
257 1752 331 1813 baec
352 1754 624 1829 inlelixliorentes‘
642 1753 764 1815 abstulit
786 1770 881 1813 annos

137 1907 143 1910 .
197 1836 241 1897 Ex
262 1837 425 1915 improviso
447 1838 671 1917 praecipitando
695 1839 802 1907 duos„

154 1920 201 1981 Me
223 1921 381 1981 miserum!
403 1940 464 1982 non
486 1931 517 1981 le
538 1924 591 1983 sed
614 1941 663 1983 me
686 1940 767 1983 mors
788 1923 846 1983 ista
869 1918 1038 1994 momordit,

198 2003 298 2065 Morsu
320 2008 492 2073 consumsit,
516 2015 545 2068 te
569 2005 640 2067 mibi
663 2023 791 2083 namque
813 2004 890 2066 tulit.
997 2053 1002 2063 .

156 2088 227 2148 Sum
250 2098 390 2159 moestus,
414 2093 466 2170 qui
487 2090 583 2152 laetus
606 2109 704 2161 eram;
727 2089 883 2150 mordente
906 2088 1008 2149 dolore
1072 2096 1126 2145 275

198 2174 309 2233 durior
330 2173 367 2235 ad
390 2177 500 2235 mentis
523 2174 677 2235 commoda
700 2192 771 2235 raro
792 2173 885 2234 levor.

157 2257 276 2335 Absque
299 2256 398 2318 calore
420 2276 535 2328 manus,
557 2256 617 2337 jam
641 2277 726 2319 mens
748 2265 795 2318 est
816 2256 929 2337 absque
952 2255 1062 2328 valore,

201 2341 266 2402 lam
289 2342 364 2401 mibi
387 2342 529 2404 dixerunt
551 2343 649 2403 omnia
673 2342 748 2403 lacta
773 2342 849 2402 vale!

155 2425 246 2486 Gutta
269 2434 353 2487 cavat
374 2424 514 2505 lapidem,
538 2428 725 2487 consumitur
747 2424 875 2487 annulus
898 2444 969 2494 usu;

199 2510 234 2569 Et
256 2512 365 2571 teritur
386 2528 488 2589 pressa
512 2528 614 2570 vomer
636 2511 771 2570 aduncus
792 2510 894 2570 bomo.
1071 2518 1126 2568 280

156 2592 220 2653 Nou
244 2609 316 2669 ergo
339 2595 457 2663 mirum,
480 2596 504 2653 si
528 2610 613 2654 mens
635 2614 700 2655 mea
722 2593 822 2654 tabida
845 2594 921 2654 iacta

199 2675 242 2735 De
264 2679 332 2736 nive
355 2681 503 2738 manantis
525 2696 609 2738 more
632 2678 771 2756 liquescit
791 2696 896 2754 aquae.

158 2758 221 2819 Hoc
244 2758 339 2820 solum
362 2764 490 2821 recitare
510 2763 601 2840 Juvat,
625 2762 705 2843 quod
728 2761 807 2822 nulla
830 2768 962 2842 potestas

201 2842 346 2921 Nullaque
370 2847 553 2924 prosperitas
575 2865 640 2907 esse
662 2864 780 2913 morosa
802 2853 909 2926 potest.

158 2927 221 2988 Hoc
245 2930 333 2987 etiam
356 2928 458 3004 didici,
481 2930 559 3008 quod
582 2949 633 2992 res
654 2931 776 2993 fortuna
798 2929 944 2991 secundas
1076 2937 1130 2987 285

154 3054 357 3063 *νὴ-η’...-

223 3112 282 3166 267.
300 3113 341 3164 68.
360 3114 522 3163 Maximiani
539 3114 620 3179 Eleg.
638 3115 661 3175 1,
679 3117 737 3166 115.

256 3179 343 3230 Dulce
361 3183 429 3230 mori
447 3181 563 3244 miseris,
582 3182 632 3232 sed
650 3197 722 3232 mors
739 3187 837 3247 optate
855 3181 968 3244 recedit,

291 3250 327 3296 At
345 3262 405 3295 cum
424 3249 512 3296 tristis
530 3249 593 3307 erit,
611 3250 793 3314 praecipitate
811 3249 897 3299 uenit.
959 3255 961 3262 '

155 3315 214 3363 279.
231 3317 273 3367 80.
298 3313 394 3364 Ovidii
412 3314 611 3376 exPont.1V‚
633 3317 673 3377 10,
692 3317 716 3364 ὅ.
734 3317 759 3364 6.
842 3317 903 3365 eet.
920 3316 962 3366 82.
988 3316 1072 3368 ovid.
1093 3335 1129 3368 ex

154 3379 235 3432 Pont.
254 3381 300 3441 IV,
320 3382 343 3442 1,
362 3381 403 3431 67.
422 3380 454 3430 68

257 3446 303 3495 Nil
320 3447 406 3510 igilur
425 3446 530 3506 mirum,
548 3445 573 3494 si
591 3460 669 3495 mens
688 3452 742 3498 etc.
