2509 3917
218 177 280 240 124
523 179 587 232 Las.
605 178 653 231 lv.
681 194 707 234 v.
725 181 870 232 cca-aaa.

215 328 317 395 Pirula
340 329 454 390 directe
476 330 605 407 partitur
626 331 746 390 tramite
767 347 868 400 nares,

259 413 325 475 Nun
348 420 451 482 tumel,
475 421 526 473 aut
548 410 645 492 aliqua
668 414 766 476 deviat
786 413 836 474 iila
859 414 913 483 via,

218 499 363 562 Nolumus
385 498 463 557 hanc
486 503 569 555 torve
592 496 638 556 vei
660 498 774 558 adunco
797 496 930 559 scribere
951 515 1025 560 nasu

258 584 352 663 lnque
374 598 444 641 cava
467 578 567 640 nuilus
590 589 634 640 est
656 579 698 641 ibi
721 599 792 642 nare
815 581 903 661 pilus,
979 622 981 627 -

216 670 282 731 Nou
305 674 351 727 cst
372 662 418 725 vel
441 663 556 725 modica
578 664 713 725 maculae
735 665 931 744 reprehensio
954 666 1025 727 mali

261 751 323 813 Nec
345 747 437 811 laedit
457 765 547 808 nares
569 749 673 826 virque
694 756 839 827 paterque
862 750 976 826 gregis;

217 837 270 898 Est
292 842 323 894 et
344 835 525 894 aromaticus
548 848 608 891 non
630 835 758 893 rusticus
779 830 888 894 halitus
911 836 984 901 cris,

260 918 369 980 Nescio
391 918 459 996 quis
481 913 586 976 melier
609 914 707 976 lliuris
730 923 760 977 et
782 917 841 976 oris
864 916 948 976 udor.

218 1006 352 1065 Aurorae
373 1001 465 1061 iacies
487 1001 572 1078 quasi
595 998 665 1069 lilia,
689 999 760 1060 dum
784 998 878 1060 rubor
900 1000 943 1059 illi

260 1088 297 1148 Et
319 1084 440 1152 candor,
463 1089 569 1142 neuter
591 1092 635 1142 est
658 1090 688 1142 et
709 1092 836 1162 uterque
859 1083 951 1145 color.

218 1170 258 1232 Os
280 1169 355 1248 cycli
377 1168 460 1246 quasi
483 1166 598 1226 dimidii
619 1165 746 1228 ridendo
769 1168 902 1237 resultat,
944 1187 948 1196 ·

260 1253 329 1313 Vult
349 1249 467 1311 laudem
490 1252 585 1328 spatie
607 1252 810 1328 promeruisse
833 1250 926 1312 brevi.

218 1337 350 1408 Quodam
372 1353 405 1396 se
427 1333 575 1413 praebent
597 1337 760 1412 pugnantia
782 1333 866 1396 labra
888 1344 1015 1407 tumere,

261 1420 319 1482 Sed
342 1418 457 1479 modico
481 1417 604 1478 rutilant
626 1436 686 1478 non
709 1427 807 1479 tamen
830 1417 941 1496 absque
963 1420 1064 1482 modu.

218 1506 336 1567 Statura
360 1502 473 1563 similes
495 1501 599 1561 dentes
622 1505 811 1581 compaginat
833 1503 915 1569 crdo.
1057 1498 1062 1505 “

260 1589 370 1666 Estque
393 1586 564 1646 nitescentis
587 1588 723 1646 aemulus
746 1586 819 1646 crdo
843 1588 927 1646 nivis.

219 1672 374 1751 Respicias
397 1675 540 1738 mentum,
564 1677 698 1730 mentum
721 1677 779 1730 lam
802 1668 901 1730 nubile
922 1681 1059 1734 mentem

261 1757 414 1814 dmentem
438 1752 544 1822 reddit,
568 1755 595 1813 si
618 1755 684 1831 quis
707 1771 805 1813 amare
823 1753 901 1814 velit.

217 1838 255 1899 Et
277 1836 344 1896 culli
367 1835 455 1895 Parin
479 1839 561 1911 quasi
586 1854 734 1897 marmore
756 1846 836 1898 secta
859 1836 997 1898 c'nlunma

260 1921 323 1980 Scit
344 1916 495 1996 speculam
518 1922 624 1998 capitis
648 1937 730 1980 more
745 1921 850 1989 ¹levare
871 1923 965 1998 gruis.

220 2005 321 2065 Visum
345 2004 488 2075 cernenti,
512 2021 564 2063 cur
586 2005 737 2064 iuraretur
760 2007 879 2072 amanti,

261 2088 342 2159 Quae
365 2085 535 2166 crystallino
558 2094 679 2165 gutture
700 2087 794 2147 forma
818 2091 913 2148 micat.

218 2174 296 2233 Voce
318 2178 404 2231 vocat
424 2170 552 2240 laudem,
576 2172 643 2250 quia
667 2189 721 2231 rur
745 2173 876 2232 imitatur
899 2170 1013 2232 olorem
1137 2186 1189 2236 686

260 2256 312 2315 Est
333 2264 393 2316 tam
416 2271 488 2331 grus
510 2253 597 2322 colle,
622 2273 710 2333 quam
735 2255 893 2331 philomela
915 2272 1000 2316 sono.

218 2340 254 2401 Et
276 2339 378 2420 quales
400 2339 533 2400 humeri!
555 2356 653 2416 neque
676 2339 823 2399 decedunt
845 2357 941 2419 neque
964 2350 1103 2420 surgunt,

262 2425 299 2484 Ut
320 2423 437 2502 Jaceant
458 2420 504 2481 vel
527 2428 615 2489 slent,
639 2426 750 2499 gratius
772 2423 859 2483 amhn
881 2423 996 2486 sedent.

218 2508 313 2579 Quam
335 2509 459 2567 veniunt
480 2505 567 2567 simul
590 2505 627 2564 ab
650 2504 784 2566 humeris
806 2514 866 2567 tam
889 2514 1045 2569 stemmate
1066 2509 1162 2590 lengo

260 2591 414 2659 Bracchia,
437 2608 524 2669 quam
548 2588 650 2666 gracili
674 2589 829 2650 deliciatur
851 2590 901 2655 ibi,
1138 2605 1191 2654 esu

217 2673 284 2733 Nun
307 2692 431 2734 carnosa
453 2690 559 2734 manus
582 2672 634 2731 sed
658 2690 774 2747 carnea,
798 2673 906 2751 gaudet
929 2675 1070 2737 abintus

261 2756 383 2817 Ossibus
407 2765 435 2816 et
458 2759 567 2825 nervis,
592 2774 683 2818 carne
706 2759 819 2817 nitente
842 2758 930 2827 loris;

285 2976 343 3024 664.
362 2978 451 3025 tumet
469 2989 484 3024 e
501 2975 626 3038 margine
645 2988 694 3038 pro
712 2973 799 3028 timet.
870 2975 929 3030 665.
947 2974 999 3026 Or.
1016 2974 1070 3026 Ars
1087 2978 1112 3041 Ι,
1127 2981 1188 3034 526.

217 3043 275 3094 668.
295 3058 309 3091 e
327 3042 451 3107 margine
470 3056 519 3106 pro
537 3040 654 3105 graecis.
675 3039 726 3094 Or.
744 3041 797 3090 Ars
815 3041 837 3105 1,
855 3043 905 3092 522

284 3108 343 3159 Nec
360 3108 475 3158 laedant
492 3123 574 3158 nares
592 3109 689 3172 virque
707 3113 844 3172 putetque
862 3109 965 3174 gregis.
1036 3174 1043 3177 Ἴ

219 3177 278 3226 673.
308 3190 323 3225 e
340 3190 426 3240 merg.
447 3175 519 3238 cycli
537 3190 586 3238 pru
605 3175 677 3237 sicli,
695 3173 810 3225 resultat
827 3191 876 3240 pru
893 3175 1020 3226 resultat.
1090 3178 1152 3234 680.
1171 3194 1187 3228 e

215 3258 309 3358 margA
321 3256 596 3358 aimgrelffirolemugel.
620 3307 640 3355 r
665 3243 789 3359 6846.5prc
802 3241 938 3293 filomene.
1007 3244 1064 3299 687.
1077 3246 1102 3295 8.
1121 3246 1187 3297 Alu-

216 3326 268 3360 nus
311 3324 496 3360 nrc.1..
534 3345 540 3356 .
594 3322 711 3365 ‚1u..
748 3350 754 3363 ,

285 3376 346 3425 Neu
364 3373 437 3423 male
456 3324 531 3422 coll}
547 3372 652 3437 sedent,
670 3375 791 3426 humeris
809 3391 863 3425 non
880 3375 983 3426 insidet
1001 3377 1059 3427 elta

286 3440 393 3503 Cervix,
413 3444 443 3488 at
461 3441 552 3503 spatio
572 3440 661 3503 surgit
679 3441 811 3492 distinete
829 3443 959 3494 modesto.
