2509 3917
385 214 446 263 nso,
465 214 511 266 iv.
540 231 566 269 v.
584 216 727 279 acc-rsa.

159 365 215 425 liat
238 366 351 428 varium
374 364 481 442 pannis
503 355 821 445 convenienter'opus.

116 449 200 510 Zona
222 452 333 528 premit
353 448 446 509 latera
468 449 505 508 de
527 449 616 527 bysso
639 459 718 512 texta
740 459 876 522 retortas

161 533 284 593 Gemma
306 531 458 609 stolliparo
479 531 598 610 fulgure
621 533 710 594 dante
730 532 828 612 jubar.

115 615 247 679 Alternis
270 615 382 677 deibus
405 618 519 694 argenti
542 617 623 677 sidus
646 627 676 680 et
697 620 761 680 auri

160 700 215 759 Hic
237 701 319 769 nitet,
343 717 412 762 ansa
435 708 533 761 tamen
557 719 646 764 aurea
668 708 728 762 tota
751 701 847 763 rubet.

116 783 243 845 Brachia
265 783 416 846 luxuriant
438 782 570 853 armillis,
595 783 702 846 lamina
726 787 817 847 nectit

163 868 286 945 Argenti
308 870 450 935 manicas,
474 876 507 928 ut
529 867 607 929 hene
625 872 751 947 stringat
773 887 832 930 cas.

117 955 175 1013 Ars
198 957 227 1011 et
248 951 370 1012 materia
393 958 509 1012 certant
531 953 561 1011 ln
584 962 667 1013 veste
690 971 806 1025 serena,

163 1035 258 1106 Quam
281 1034 387 1098 dicunt
409 1033 592 1113 chlamydem
615 1038 663 1098 vix
685 1036 776 1099 hahet
796 1035 846 1099 illa
868 1054 987 1117 parem;

117 1119 271 1180 Materiam
295 1121 393 1179 vincat
414 1137 489 1199 opus
511 1138 548 1180 an
571 1121 705 1182 vincatur
727 1121 763 1182 ah
786 1120 844 1193 illa,

162 1200 275 1262 ludicio
298 1208 416 1279 poterat
436 1219 523 1273 nemo
546 1203 673 1283 probare
698 1203 763 1267 levi.

117 1285 265 1349 Nobilitas
287 1286 394 1364 digitos
415 1287 563 1347 rutilantis
585 1290 711 1349 circinat
732 1290 807 1358 auri,

160 1368 313 1448 Multiplici
333 1369 437 1448 jubare
460 1388 574 1448 gemma
596 1370 732 1450 superbit
754 1372 806 1433 ihi.

119 1454 221 1515 Indice
245 1462 399 1514 contentus
421 1455 512 1531 ignita
535 1455 601 1516 luce
623 1472 756 1534 pyropus

161 1536 233 1597 Auri
255 1537 410 1598 demedio
432 1536 503 1599 solis
526 1539 561 1600 ad
585 1541 679 1599 instar
701 1547 777 1599 ovat.

118 1620 240 1699 Saphiri
261 1622 375 1699 species
398 1621 496 1698 digitis
511 1624 670 1701 aptissima
692 1640 795 1700 regum

162 1703 256 1766 Ornat
277 1707 476 1766 amazonicam
501 1703 567 1765 luce
590 1708 718 1773 micante
740 1724 870 1770 manum.
978 1715 981 1722 '

116 1786 261 1865 Fulgidus
283 1787 386 1849 obrizo
400 1788 609 1851 carbunculus
632 1789 715 1850 ardet
736 1790 767 1850 in
790 1808 872 1860 auro,

162 1870 308 1950 Claraque
330 1872 449 1932 solifero
471 1882 610 1951 provocat
632 1880 708 1933 astra
733 1892 814 1951 rogo.

117 1957 217 2033 iaspis
239 1958 271 2015 in
294 1966 417 2031 argento
439 1960 525 2027 viret,
549 1956 659 2017 undam
683 1959 834 2035 sanguinis
856 1975 971 2027 arcens,

162 2039 217 2099 llic
239 2038 311 2098 latet
332 2041 363 2099 in
386 2040 472 2100 viridi
494 2058 567 2100 zona
591 2042 691 2102 colore
713 2040 835 2102 rubens.

119 2124 215 2185 Omne
238 2124 315 2201 perit
336 2123 429 2183 viride
451 2124 540 2184 viridi
561 2123 677 2201 fulgore
700 2125 882 2202 smaragdus,
988 2183 991 2189 .

164 2207 219 2267 llic
241 2208 317 2266 viret
339 2215 368 2266 et
389 2206 478 2267 viridi
500 2208 611 2268 lumina
635 2208 701 2268 lucc
723 2210 813 2276 iovet,

117 2291 175 2351 Hic
198 2290 316 2350 adamas
339 2289 462 2370 chalybe
483 2290 605 2368 glaucus
627 2290 665 2351 de
687 2293 829 2368 sanguine
852 2292 947 2351 solum

164 2372 293 2435 Solvitur
314 2373 440 2442 hircino,
463 2374 605 2435 dihomo
626 2392 752 2454 prosper
774 2393 818 2434 eo.

117 2456 294 2519 Pendehant
313 2458 406 2518 nitido
430 2458 533 2519 diffusa
555 2458 675 2519 monilia
699 2457 786 2527 collo,

164 2541 302 2601 Gemmas
322 2543 459 2621 inspicio,
484 2560 539 2601 nec
560 2560 719 2603 numerare
741 2560 827 2620 queo.

117 2627 229 2687 Pectus
252 2628 332 2685 enim
354 2627 481 2704 gemmis
504 2627 588 2704 quasi
611 2626 708 2686 celum
731 2624 862 2701 fulgurat
885 2626 992 2694 astris„
1034 2626 1040 2681 ἰ

163 2708 223 2768 Hac
245 2709 396 2771 radicante
420 2710 473 2770 scd
494 2710 550 2769 hac
572 2709 780 2788 praeradiante
801 2709 905 2786 magis.

117 2792 234 2854 Clarior
257 2801 389 2870 argento,
413 2794 492 2853 solvo
515 2797 705 2872 conspectior
727 2811 800 2853 auro

163 2874 299 2938 Fulmine
320 2876 460 2954 gemmali
481 2875 570 2936 fibula
593 2874 651 2937 lata
673 2877 771 2937 micat.

116 2960 247 3031 Quaeris
269 2966 370 3020 utrum
393 2961 516 3022 rutilans
538 2962 576 3019 sit
597 2961 674 3020 icrle
697 2962 830 3038 topazius
852 2960 936 3021 hicce

164 3043 303 3121 Tangens
325 3042 406 3106 calce
429 3046 539 3123 polum,
562 3047 675 3105 vertice
697 3063 767 3105 vero
789 3048 895 3104 solum.

119 3221 123 3222 ⁷
188 3214 246 3266 tta.
265 3210 391 3261 Gualter.
408 3211 485 3261 Alex.
505 3211 526 3270 I,
544 3212 599 3259 236<

222 3279 346 3328 Lucidus
365 3278 457 3327 obrizo
475 3276 591 3327 curialis
608 3276 726 3328 circulus
744 3292 819 3331 auro.
911 3327 917 3342 Ι

8 3393 9 3420 y
115 3349 178 3398 779.
198 3346 258 3396 cod.
280 3346 402 3396 claucus.
472 3345 529 3394 780.
546 3358 649 3407 margo.
662 3359 699 3393 sc.
714 3343 866 3397 adamante.
937 3344 993 3393 781.
1010 3341 1082 3405 Virg.

115 3416 188 3466 Aen.
207 3414 269 3476 vn,
289 3415 340 3464 278

223 3484 315 3531 Aurea
333 3478 493 3545 pectoribus
512 3478 631 3528 demissa
647 3477 761 3526 monilia
779 3476 909 3539 pendent.
