2509 3917
170 174 211 239 78
474 175 537 228 nro.
554 175 607 226 111.
642 191 668 226 v.
687 145 847 226 sta-2525

169 328 231 389 Hos
253 328 341 388 etiam
364 327 493 389 subiisse
515 327 610 388 reiert
632 327 761 387 tentoria
784 325 886 395 Rhesi,

213 413 308 484 Quem
331 414 494 491 perimunt,
518 411 628 490 praeda
651 428 707 470 nec
730 410 856 471 rediisse
879 410 952 482 ievi3

169 496 231 557 Hos
252 498 387 573 rapuisse
409 493 507 565 simut,
530 513 606 574 qnos
628 491 710 554 nulia
731 496 833 573 perire
855 497 961 573 sagitta

212 581 325 648 Posset,
349 580 515 658 nubigenas
538 579 586 639 hic
608 579 783 640 memoravit
805 597 908 658 equos.
937 614 942 621 ·

169 664 354 726 Crediderim
377 666 422 725 sic
444 664 573 724 dicendi
596 665 665 741 quis
688 661 768 723 nuhe
790 669 907 724 creatos
944 660 952 667 ’

211 752 234 810 Α
256 750 355 828 primo
379 749 482 809 mundi
505 755 642 827 tempore
663 746 739 807 vidit
760 748 872 825 equos?

72 853 77 859 ¹
168 833 235 894 Nou
257 834 366 893 miror!
390 832 503 912 majora
526 841 625 892 movet
646 830 802 892 mendacia
824 830 914 902 hello,

211 917 262 977 isti
284 935 374 997 quum
398 917 473 977 duos
498 924 600 976 narret
621 915 728 976 adesse
751 914 840 986 deos;

168 1000 228 1061 Pro
250 1000 352 1061 Pelide
374 999 478 1061 Thetis
500 1017 556 1076 pro
578 1001 703 1061 Graecis
724 998 798 1059 luno
820 1000 929 1059 fatetur

211 1084 249 1144 Et
269 1084 348 1165 quod
371 1102 426 1162 pro
448 1084 556 1145 Paride
578 1086 707 1145 moverit
729 1101 810 1144 arma
834 1083 943 1144 Venus.
961 1082 971 1097 '

168 1169 330 1231 Praeterea
352 1178 436 1230 recto
457 1187 517 1229 nou
539 1169 650 1229 cecinit
671 1168 776 1229 ordine
799 1165 919 1238 hellum,

210 1255 269 1314 Aut
290 1270 307 1312 a
329 1251 484 1320 militibus,
508 1254 559 1333 qui
581 1251 729 1319 cecidere,
753 1250 873 1328 quihus,

168 1337 251 1398 lianc
274 1353 393 1416 quoque
416 1339 571 1397 materiam
593 1336 735 1414 figmenta
757 1338 874 1413 poetica
896 1335 1020 1406 nebant,

211 1420 297 1483 Sicut
320 1422 462 1499 Virgilius
483 1438 566 1481 arma
588 1426 748 1499 virumque
770 1436 890 1480 canens.

168 1506 226 1567 Sed
250 1505 372 1585 Phrygii
395 1514 477 1566 tenet
499 1505 653 1578 historiam
676 1503 754 1564 liher
776 1507 833 1565 iste
855 1503 972 1565 daretis

209 1591 266 1662 Qui
288 1597 409 1667 praeter
432 1606 535 1650 verum
557 1590 709 1667 scriptitat
728 1588 798 1649 iude
821 1589 906 1649 nihii.

166 1673 253 1734 Hunc
275 1691 395 1752 sequor,
419 1671 560 1750 adjiciens
582 1673 734 1733 interdum
757 1672 848 1733 verha
870 1674 1013 1743 virorum,

209 1755 327 1826 Quaeve
351 1753 548 1833 loquebantur
571 1756 616 1818 vel
639 1765 765 1836 potuere
788 1755 879 1836 loqui.

166 1841 297 1901 Ponatur
319 1840 399 1917 quod
422 1851 452 1899 et
474 1840 505 1900 hi
527 1858 588 1901 non
610 1843 673 1902 sint
695 1859 729 1901 ea
752 1841 830 1902 torte
852 1842 954 1909 locuti,

209 1925 320 1986 Causae
341 1925 509 2002 praesentis
530 1932 600 1985 sunt
620 1934 720 1986 tamen
743 1932 811 2004 apta
834 1928 888 1985 rei.

254 2070 379 2125 VERBA
396 2071 519 2126 ULIXIS
537 2071 586 2125 ΕΤ
604 2071 664 2125 SUI
683 2070 779 2126 socii
796 2069 846 2124 AD
863 2070 1047 2130 Palatium.

165 2176 280 2236 latrant
302 2177 338 2236 ad
361 2175 511 2237 Priamum
533 2177 606 2236 socii
631 2176 699 2247 duo,
722 2183 821 2236 servat
843 2175 946 2237 Ulixes
1087 2188 1140 2247 ‘245

208 2259 341 2322 Stemata
366 2259 536 2329 verborum,
560 2260 651 2321 verha
673 2267 773 2321 notata
797 2278 929 2321 movens.

166 2345 190 2406 0
213 2347 354 2424 princeps
376 2343 519 2422 Trojano!
543 2351 610 2406 tuas
632 2363 688 2406 nos
709 2345 800 2405 mittit
822 2345 858 2405 ad
881 2364 968 2406 aures

209 2430 392 2490 Graecorum
417 2429 534 2498 ductor,
558 2426 622 2509 ejus
645 2429 683 2490 ab
706 2447 759 2489 ore
781 2428 896 2508 loquor.

166 2513 229 2573 Rex
251 2514 341 2575 hone!
364 2514 390 2573 si
412 2516 533 2593 sapiens
556 2532 598 2583 es,
620 2516 700 2573 sicut
721 2513 798 2573 tama
820 2513 938 2581 fatetur,

207 2597 273 2659 Nou
296 2605 341 2657 est
362 2595 493 2658 bellandi
515 2599 642 2658 maxima
664 2615 736 2658 cura
759 2594 826 2656 tihi!
1086 2609 1141 2656 ⁶250

168 2681 284 2741 Sufficit
305 2683 336 2741 iu
361 2698 485 2758 magna:
509 2681 641 2741 medium
664 2688 788 2741 tenuere
811 2679 899 2750 heati,

208 2765 389 2844 Praecipites
411 2765 520 2826 ducum
543 2781 633 2842 saepe
655 2764 751 2825 tulere
774 2764 862 2824 diem.

232 2913 291 2967 225.
310 2913 446 2965 rubuisse.
482 2914 614 2964 Narratio
632 2915 667 2964 do
681 2914 773 2966 Rheso
792 2914 909 2978 ejusque
928 2917 1006 2981 equis
1024 2916 1138 2968 inveni·

164 2985 209 3029 tur
228 2980 299 3044 apud
317 2982 499 3046 Epitomator.
516 2998 543 3031 r.
562 2984 612 3033 ‘130
624 2997 684 3047 sqq.
740 2984 799 3032 232.
818 2982 915 3033 melius
934 2984 1054 3033 fortasse

365 3049 413 3099 Illi
431 3065 514 3114 quum
531 3049 610 3100 divos
628 3053 724 3098 narret
742 3049 840 3099 adesse
857 3048 926 3099 duos

129 3147 132 3152 -
163 3115 223 3164 249.
242 3129 272 3164 es
289 3117 422 3181 marginis
439 3133 489 3182 pro
508 3117 611 3168 codicis
635 3113 703 3178 ejus.
790 3117 850 3166 251.
867 3116 940 3169 med.
962 3123 1019 3168 ten.
1044 3118 1135 3169 beati.

162 3181 241 3231 Haec
270 3184 426 3244 aenmntia,
451 3192 515 3248 qua,
536 3189 632 3234 noster
660 3183 777 3248 primum
805 3197 871 3234 usus
901 3183 988 3235 fuisse
1014 3185 1137 3247 ridetur,

162 3249 373 3300 transformatio
386 3251 468 3302 Ouid.
480 3251 590 3301 Metam.
603 3251 640 3312 11,
655 3252 703 3300 tat
721 3251 812 3300 medio
830 3250 986 3302 tutissimus
1004 3253 1060 3303 ibis
1074 3260 1135 3316 est3

162 3315 302 3367 invenitur
323 3317 368 3367 ius
386 3318 535 3383 aphorismi
549 3322 578 3367 et
590 3318 729 3367 axiomata
741 3318 858 3370 selecta.
876 3319 989 3370 Altdorf
999 3321 1075 3373 1745.
1089 3322 1134 3370 49.

162 3385 220 3434 252.
239 3382 338 3436 Senem
355 3385 451 3451 Agam.
470 3389 502 3436 'tl
521 3385 696 3449 Praecipites
714 3400 809 3450 regum
828 3400 910 3436 casus

567 3454 691 3503 Fortuna
710 3453 796 3502 volat.
