2509 3917
208 209 247 274 16
531 208 594 258 nro.
612 210 633 259 r.
663 225 687 257 v.
708 210 848 269 res-uss

206 363 240 424 Iu
263 360 386 441 speculo
408 362 517 421 mentis
539 368 655 438 captam
677 361 756 421 ridet
777 362 829 422 ille
851 378 986 421 sororem

248 447 286 507 lit
308 448 434 507 fratrum
457 446 571 524 pariter
593 445 806 524 interitumque
829 448 934 523 patris.

189 530 325 608 ,Colligit
345 533 491 590 introrsus
513 547 563 590 res
584 539 695 609 raptas,
719 530 837 590 moenia
858 530 963 600 lracta,

250 617 348 694 Seque
371 613 507 674 dolorosa
529 615 709 675 sustinuisse
731 613 852 692 probra.

206 701 382 779 Opportuna
405 708 505 759 tamen
528 716 581 758 rex
603 707 708 760 nactus
731 706 879 777 tempora;
904 716 1028 778 „pensa

250 781 308 854 oh,
332 785 382 851 ait,
405 785 553 853 Antenor;
577 799 653 859 quae
675 781 729 843 tibi
752 781 842 844 rerba
864 780 985 862 loquor:

205 868 324 949 Optime
346 870 391 927 vir
413 868 506 938 uosti;
529 885 615 946 quae,
639 874 747 946 quanta
769 868 915 929 calumnia
938 866 1026 928 nobis

249 953 323 1014 Lata
344 953 381 1013 sit
402 970 417 1013 a
442 951 572 1013 Graecis.
618 952 791 1013 Intumuere
814 954 912 1020 minis,

207 1038 274 1100 Non
296 1037 415 1099 suffecit
437 1037 490 1106 eis,
513 1043 634 1097 nostros
657 1039 803 1114 attingere
826 1038 901 1097 dues

249 1124 355 1199 Magna
378 1139 445 1182 eum
468 1119 586 1200 populis
608 1120 785 1201 applicuisse
808 1128 881 1182 rate.

207 1206 288 1275 Dixi;
313 1223 380 1266 cum
404 1205 521 1284 populis
545 1205 685 1266 deberem
708 1204 809 1266 dicere
831 1206 959 1285 pompis,

249 1291 352 1368 Magna
376 1288 540 1350 debueram
563 1290 665 1350 dicere
688 1292 885 1368 magnanima.

206 1374 341 1456 Denique
363 1377 553 1452 magnanimo
577 1373 738 1450 calcarunt,
763 1377 855 1435 immo
877 1372 1009 1454 superbo

249 1460 318 1520 Mox
339 1465 373 1518 ut
395 1476 515 1528 venere,
538 1457 625 1520 litora
647 1465 748 1520 nostra
771 1458 860 1536 pede3

207 1544 334 1624 Insuper
355 1542 500 1604 Insultum
523 1542 623 1603 iecere
646 1545 802 1605 minaciter
824 1542 907 1623 urbi3

249 1629 445 1689 Inconsuetus
468 1635 531 1688 erat
553 1628 620 1687 talla
644 1627 755 1706 probra
779 1628 848 1707 pati.

207 1711 244 1772 Iit
267 1729 305 1771 ne
327 1718 471 1789 concepta
493 1710 572 1790 quod
596 1711 634 1771 ab
656 1712 807 1790 impietate
832 1711 957 1780 deesset,

250 1795 376 1855 Ferrum
399 1796 585 1854 strinxerunt
605 1796 637 1854 in
661 1797 754 1873 patrIs
777 1813 829 1856 ora
851 1798 922 1856 mei.

207 1878 344 1940 Mortuus
367 1884 419 1948 est,
445 1886 474 1938 et
496 1886 566 1938 tunc
588 1879 619 1938 In
643 1882 761 1940 moenia
783 1887 884 1941 nostra
907 1888 1030 1941 ruentes

250 1966 444 2024 Innumeram
467 1961 607 2040 praedam
631 1982 689 2024 non
713 1966 777 2024 sine
801 1964 891 2025 caede
913 1973 1043 2044 patrant,

208 2047 391 2126 captivando
413 2064 511 2106 meam
535 2064 636 2108 secum
659 2047 770 2109 duxere
793 2067 937 2117 sororem,

250 2131 326 2192 Tum
350 2149 441 2210 quum
463 2150 496 2191 se
518 2133 631 2210 patriae
654 2133 812 2194 restituere
833 2151 913 2197 suae.

207 2215 299 2277 Irasci
322 2217 429 2276 merito
452 2214 593 2276 deberem
616 2215 735 2286 talibus,
757 2218 848 2277 immo

204 2356 206 2360 .
250 2299 360 2370 Debeo,
384 2301 528 2362 conticuit
550 2308 651 2361 nostra
675 2301 795 2379 querela
819 2300 879 2361 diu.

209 2385 342 2446 Ulciscar
364 2403 442 2454 vero,
466 2383 519 2445 sed
542 2383 732 2447 dissimulare
753 2385 860 2446 valebo

251 2469 366 2538 Cetera,
390 2472 415 2529 si
437 2468 498 2531 sola
522 2470 692 2531 conditione
714 2472 812 2531 lruar:

207 2551 361 2614 Reddatur
383 2556 496 2632 captiva
518 2572 613 2624 soror,
637 2556 698 2614 sint
719 2554 810 2615 altera
833 2556 930 2632 pacis:

252 2637 284 2696 Si
305 2640 416 2705 minus,
440 2635 564 2698 hostiles
586 2641 724 2714 protinus
746 2639 821 2700 adde
843 2641 948 2700 minas.

207 2721 355 2781 Antenor!
377 2725 427 2780 tua
451 2719 522 2781 dicit
542 2721 698 2794 idoneitas,
723 2724 801 2800 quod
825 2722 862 2783 ad
884 2724 956 2785 istos

252 2804 402 2883 Suscipias
424 2822 541 2883 operas,
566 2824 638 2884 ergo
660 2816 781 2885 paratus
805 2815 887 2869 eas.“

207 2890 339 2950 Antenor
362 2888 495 2969 parendo
518 2900 604 2968 parat
625 2894 827 2953 conscendere
850 2910 964 2961 navem,

252 2973 410 3034 Velilicans
433 2972 578 3035 Graecum
602 2978 729 3054 contigit
749 2974 798 3036 ille
821 2976 927 3037 solum.

147 3099 150 3104 -
208 3056 311 3134 Pergit
332 3055 522 3135 Magnesiam,
546 3059 728 3140 Peleumque
751 3058 866 3131 salutat,
890 3060 931 3120 ibi
954 3068 1016 3121 tres

250 3141 376 3201 Hortatu
398 3140 477 3201 Pelei
501 3144 700 3205 contionando
723 3145 797 3207 dies.

206 3224 330 3286 Inchoat
351 3227 484 3286 Antenor
506 3245 622 3288 causam
647 3231 775 3292 recitare
796 3228 908 3290 laboris

140 3381 147 3393 ,
252 3310 288 3370 Et
310 3308 388 3390 quod
412 3309 451 3370 ob
474 3311 640 3390 Hesyunem
664 3316 779 3393 ceperit
800 3315 862 3393 ipso
885 3317 972 3375 viam.

277 3480 334 3545 16t‘t.
352 3493 464 3563 Margo:
483 3496 589 3549 incons.
608 3514 706 3565 nempe
724 3504 813 3565 poter.
