2509 3917
436 215 497 266 Lm.
516 220 547 266 v.
580 233 605 267 v.
623 218 766 269 aaa-ms.
1027 215 1084 277 141

163 366 202 426 Et
224 363 302 425 liene
324 365 487 428 foecundas
510 368 637 450 imperat
659 386 723 430 esse
747 368 860 429 breves.

119 449 284 509 Ellrrndant
305 449 383 510 oculi
406 448 553 522 lacrimas,
578 457 756 513 exterminet
778 471 829 512 ora

162 533 272 602 Pallor,
297 536 448 595 concutiat
469 537 610 597 interiora
635 537 730 605 dolor,

117 616 275 678 Gonoodet
298 617 406 696 digitos
430 626 555 696 tortura,
578 620 751 682 reverberet
773 620 864 682 altum

163 705 240 763 liera
263 720 319 763 vox
341 705 461 772 misera,
485 711 564 767 tanta
587 705 741 785 querendo
764 705 854 765 mala!
1036 715 1087 763 290

118 785 180 846 lata
202 786 283 864 paris
305 787 377 847 milri
400 786 505 849 damna
529 788 623 860 Paris,
645 790 732 850 Paris
754 790 846 849 immo
868 792 979 869 parasti
1114 793 1122 800 ”

162 868 271 930 Fomes
293 868 444 942 adulterii,
468 874 562 951 turpis
584 876 668 951 origo
691 872 772 934 mali!

115 954 276 1033 Nequitiae
297 953 402 1023 iacula,
426 974 479 1016 cur
501 965 530 1016 te
553 958 609 1018 luit
631 957 679 1018 illa
701 965 812 1025 secuta,

164 1038 255 1098 Peius
278 1037 423 1101 adulterio
446 1043 541 1119 turpis
563 1041 679 1103 adulter
701 1042 796 1102 obest.

117 1122 166 1182 Tu
190 1132 280 1200 eaput
303 1141 336 1183 es
358 1122 438 1191 belli,
461 1124 573 1187 Troum
597 1134 703 1191 metus.
727 1124 932 1204 Argolioorum
1036 1136 1086 1184 295

131 1269 133 1274 ,
162 1204 276 1286 Fletus,
300 1214 495 1285 utrorumque
519 1210 610 1270 cladis
633 1229 733 1272 amara
755 1209 847 1270 lacus.

115 1290 156 1351 Et
181 1297 230 1351 tua
254 1309 303 1351 res
326 1294 434 1369 agitur,
458 1296 557 1372 parics
579 1313 647 1356 cnm
670 1296 825 1374 proximus
847 1293 940 1361 ardet,

164 1373 208 1435 Te
232 1393 350 1454 quoque
373 1394 453 1436 mors
476 1379 588 1456 stygiis,
612 1379 718 1457 impie!
741 1378 844 1437 mersit
867 1379 959 1456 aquis.

118 1459 219 1530 Quam
241 1459 319 1519 benc
342 1459 516 1536 dispositum
540 1466 637 1529 terris,
662 1471 704 1531 ut,
727 1480 817 1540 quum
842 1461 880 1520 sit
901 1462 1021 1540 iniquus

164 1541 287 1603 Consilii
310 1542 433 1612 tructus,
458 1546 572 1606 imbuat
593 1556 696 1607 auctor
719 1563 803 1623 opus.
1037 1553 1088 1601 300

124 1626 205 1686 Ecce
228 1635 297 1687 tuus
319 1626 406 1688 luxus
429 1640 474 1688 est
495 1629 634 1699 Troibus‚
658 1630 763 1708 impie!
786 1628 892 1697 luctus

166 1712 206 1771 Et
228 1711 348 1789 plausus
370 1711 507 1791 planetus
528 1712 733 1793 Argolicisque
755 1713 851 1781 datus,

117 1796 157 1855 Et
180 1795 271 1855 miser
294 1798 325 1856 in
348 1800 475 1857 miseras
497 1796 629 1875 dejectus
652 1816 683 1857 es
705 1800 768 1876 ipse
790 1815 941 1865 cavernas,

168 1878 248 1949 Quas
270 1880 379 1941 misere
402 1882 518 1941 miseris
540 1901 595 1961 pro
618 1884 776 1942 meretrice
799 1879 899 1942 dabas.

117 1964 144 2023 Ο
168 1964 327 2023 meretrix!
350 1982 453 2043 spuma
478 1967 684 2026 meretricum!
707 1983 806 2027 nonne
830 1967 954 2026 mereris
1038 1972 1087 2021 305

163 2046 314 2126 Spumeus
336 2056 369 2108 nt
391 2050 493 2126 pingat
515 2067 637 2127 spumea
663 2050 736 2109 lacta
759 2048 871 2127 stylus!

121 2131 286 2191 Posteritas
307 2132 435 2193 fortasse
458 2131 546 2210 leget,
570 2134 726 2212 discatque
748 2131 884 2193 docendo

167 2216 273 2275 Atam
296 2215 436 2293 pestilera
460 2233 609 2297 quemque
632 2234 736 2277 cavere
759 2223 837 2276 nota.

119 2298 174 2359 Est
196 2299 384 2377 impossibile
406 2302 487 2361 liniri
510 2302 568 2361 line
592 2300 690 2372 beato,

165 2382 249 2452 Quae
273 2383 309 2442 tle
332 2385 481 2462 principio
504 2393 573 2445 sunt
595 2384 739 2445 fabricata
762 2381 849 2443 malo.
1038 2391 1089 2439 310
1187 2409 1189 2413 ·

119 2469 179 2527 Ars
201 2474 251 2526 tua
274 2470 494 2544 magnanimum
518 2469 628 2529 mundo
653 2467 729 2534 mlii,
751 2465 887 2528 Hecuba!
910 2473 1023 2547 patrem

123 2599 126 2602 .
149 2551 203 2610 «llt
224 2550 313 2610 simul
336 2550 482 2612 illustrem
505 2551 651 2629 flagitiosa
674 2553 779 2612 virum.

117 2634 207 2694 Tune
230 2634 306 2695 duos
328 2654 387 2696 una
411 2637 579 2696 saevissima
601 2638 704 2715 vipera
728 2635 816 2695 morti

190 2819 249 2868 287.
279 2818 396 2883 margin.
413 2818 498 2872 schol,
517 2818 658 2871 exsudent.
727 2820 786 2869 292.
817 2816 906 2883 turpis
930 2832 945 2867 e
967 2818 1090 2883 margine

119 2900 172 2950 pro
196 2885 295 2935 iterato
318 2885 424 2936 codicis
447 2885 540 2935 fomes.
636 2888 694 2940 294.
725 2884 820 2936 Ovidii
836 2887 902 2935 Her.
920 2885 967 2948 IV,
988 2886 1031 2936 34.
1056 2901 1089 2934 ex

120 2966 178 3016 quo
196 2951 257 3002 loco
275 2954 442 3004 mutavimus
464 2953 554 3003 nostri
576 2951 655 3017 pejor
676 2954 705 3003 in
729 2952 816 3018 pejus.
903 2954 962 3003 297.
992 2948 1090 3007 Horat,

118 3019 212 3083 Epist.
230 3018 253 3080 1,
273 3020 317 3081 18,
333 3021 376 3069 84.
445 3021 504 3069 298.
523 3019 743 3100 ImitatioOrid.
763 3019 847 3070 Trist.
866 3019 912 3082 Ν,
933 3022 957 3081 5,
975 3020 1016 3069 22.

531 3112 566 3123 ·-
582 3112 616 3123 —
634 3103 658 3137 si
676 3102 730 3137 non

225 3152 279 3215 Qui
297 3154 394 3211 mersit
413 3152 518 3218 Stygia,
537 3152 664 3204 sublevet
683 3152 759 3215 illud,
778 3167 859 3217 aqua.

119 3222 181 3271 299.
202 3219 342 3270 Claudiam
361 3219 408 3270 lib.
429 3223 452 3269 1.
472 3222 502 3269 in
519 3221 634 3284 Eutrop.
653 3220 755 3282 xv111,
776 3221 883 3270 15168

226 3288 315 3350 Quam
337 3283 405 3338 bene
426 3287 588 3352 dispositum
607 3290 700 3350 terris,
718 3293 749 3337 ut
766 3286 867 3352 dignus
884 3287 973 3351 iniqui

225 3355 343 3405 Fructus
361 3354 471 3404 consilii
489 3355 583 3419 primis
603 3355 763 3405 auctoribus
780 3355 873 3407 instet.

119 3424 181 3479 aot.
211 3421 292 3472 luxus
311 3436 361 3486 pro
380 3422 441 3472 cod,
460 3421 546 3471 lurus.
626 3423 686 3473 305.
705 3423 812 3484 margot
830 3421 971 3470 invehitur
987 3421 1017 3469 in
1034 3421 1093 3473 He-

120 3490 222 3544 lenam.
292 3490 351 3541 311.
372 3503 482 3553 margo:
501 3486 642 3538 invehitur
659 3489 687 3537 in
706 3488 854 3538 Hecubam.
