2509 3917
378 268 381 274 g
475 206 606 259 nsa.111.
641 222 666 258 v.
685 205 828 258 tar—448.

165 363 297 424 Hectora
321 368 479 422 cernentes
502 360 623 420 minime
646 358 768 438 prodire
791 356 907 434 Pelasgi

210 447 354 507 lnsistunt
375 443 544 524 Phrygibus
566 446 719 523 asperiore
742 445 800 503 siti.

169 531 321 599 Aeacides,
346 530 439 590 Danai
460 528 628 608 protendite
651 527 790 589 brachia!
813 526 928 593 clamat,

214 613 344 691 Velaque
367 614 417 675 dat
439 614 571 692 quamvis
593 613 707 689 remige
729 613 811 672 navis
834 617 900 679 eat;

169 699 232 760 Nec
254 704 338 759 vacat
360 701 392 758 in
414 696 493 759 bello
516 715 570 757 sua
592 695 723 765 dextera,
748 696 862 757 sortiter
883 696 947 772 ipse

213 782 353 843 Fortibus
378 782 518 850 occurrit,
541 781 655 840 hostica
678 779 753 841 colla
776 782 869 839 metit.
950 778 957 790 ⁰

170 869 205 929 ln
229 867 324 927 vultus
347 866 427 927 cadit
449 864 498 926 ille
522 883 602 933 suos,
625 865 813 942 calidumque
838 879 975 924 cruorem

215 953 274 1014 Ore
297 950 396 1018 vomit,
420 951 516 1010 rivum
540 952 693 1025 sanguinis
715 949 765 1009 ille
787 947 872 1008 bibit.

56 1042 58 1045 ’
172 1037 230 1098 Hie
252 1035 325 1105 obit,
349 1034 400 1096 bic
423 1033 505 1104 obiit,
529 1033 576 1093 bic
603 1032 736 1113 palpitat,
761 1033 811 1094 ille
834 1033 969 1112 quiescit,

215 1120 370 1182 Grudescit
393 1137 524 1197 campus,
548 1119 692 1196 sanguine
714 1126 815 1179 manat
837 1117 955 1177 humus.

171 1202 347 1265 Succumbit
368 1202 497 1280 Trojana
519 1220 635 1272 manus,
661 1203 815 1283 sparsique
839 1200 932 1278 fugati
1000 1268 1004 1273 ⁴

214 1289 238 1348 Α
261 1288 368 1348 llanais
390 1287 499 1347 Teucri
523 1287 614 1348 caede
637 1305 726 1347 ruere
748 1288 842 1361 gravi.
958 1280 963 1289 ’

171 1372 326 1451 Incipiunt
347 1370 462 1432 ululare
485 1371 617 1450 Phryges
639 1371 768 1431 inlausta
790 1369 923 1438 boantes,

215 1457 277 1518 lam
299 1455 355 1517 sibi
378 1454 543 1517 debuerant
565 1473 649 1534 spem
672 1457 808 1533 posuisse
830 1454 941 1530 lugam.

348 1635 409 1690 HIC
429 1634 578 1721 aaaron
596 1633 711 1689 VENIT
729 1632 781 1703 AD
799 1632 964 1691 PUGNAM.

172 1759 287 1827 Hector
309 1766 344 1817 ut
365 1757 479 1835 accepit
501 1774 640 1818 occasum
664 1755 741 1817 bella
764 1752 872 1818 bainari

215 1841 355 1909 Troibus,
379 1843 507 1919 accingit
528 1844 661 1919 gnaviter
684 1859 754 1902 ense
777 1840 863 1903 latus.

171 1925 277 1986 Evolat
299 1928 458 1997 accinctus,
481 1927 662 2006 veniensque
684 1924 780 1989 leonis
802 1925 838 1987 ad
861 1930 955 1988 instar

216 2011 249 2070 ln
272 2008 344 2071 belli
368 2009 466 2069 medio
488 2009 629 2070 lulininat
651 2027 722 2071 ense
745 2011 824 2080 ler03

171 2094 306 2154 Percutit
327 2103 355 2154 et
377 2101 485 2156 mactat
507 2104 537 2155 et
558 2096 703 2170 sanguine
725 2094 849 2156 vulnera
872 2094 965 2166 laxat;

216 2178 311 2247 Potio,
336 2196 423 2257 quam
447 2181 562 2248 miscet,
585 2178 690 2257 pocula
715 2181 818 2239 mortis
839 2178 940 2240 habet.

172 2258 321 2340 Principis
343 2261 470 2323 adventu
492 2262 650 2323 redieruut
672 2264 761 2323 eorda
784 2265 926 2332 virorum,

215 2347 268 2407 Est
289 2349 321 2406 in
344 2364 407 2406 rem
431 2364 546 2427 pugnae
570 2364 639 2426 spes
660 2349 770 2408 variata
793 2346 894 2425 lugae.

172 2428 295 2491 Prosilit
315 2428 460 2491 illustrem
483 2433 566 2491 ierus
589 2431 698 2493 llector
720 2432 751 2491 in
774 2431 976 2502 ldomeneum,

217 2513 333 2592 Dejicit,
358 2513 517 2576 obtruncat
540 2524 570 2574 et
592 2516 668 2593 pede
691 2515 783 2576 calcat
807 2534 885 2576 eum.

172 2597 296 2679 lphidus
319 2599 466 2659 Hectoreo
489 2601 522 2659 lit
543 2601 659 2659 saucius
682 2617 770 2670 ense;
794 2599 923 2661 Leonte!

215 2681 330 2751 Nescis,
353 2683 432 2761 quod
455 2682 591 2762 scapulas
613 2684 718 2744 dissuit
739 2682 788 2744 ille
809 2684 884 2745 tibi?

91 2778 94 2785 '
172 2766 232 2826 Sed
256 2766 400 2836 Stheneli,
424 2769 509 2828 cuius
531 2766 623 2828 voluit
645 2768 819 2846 transfigere
844 2780 986 2841 ventrem,
1048 2812 1051 2817 -

216 2848 370 2910 Dilabente
392 2869 481 2912 manu
505 2853 638 2932 perforat
661 2870 733 2914 ense
754 2854 863 2916 femur.

171 3003 377 3012 .-----

239 3088 299 3136 429.
318 3085 438 3152 palpitat
457 3103 472 3136 e
490 3090 614 3152 margine
633 3105 695 3154 pro:
714 3091 852 3155 palmitat.
904 3093 964 3144 431.
984 3108 999 3142 e
1017 3092 1139 3157 margine

170 3166 236 3218 pro:
256 3153 393 3204 snebubit.
448 3157 527 3205 ¹432.
546 3172 595 3220 pro
614 3157 702 3213 codic.
721 3156 829 3213 Treubi.
909 3162 969 3212 445.
987 3161 1075 3214 Dares
1092 3175 1139 3209 no·

169 3235 234 3269 men
260 3220 372 3286 lpbinoi
393 3221 488 3276 habet.
557 3226 615 3274 446.
640 3224 704 3276 Cod.
726 3226 795 3291 ipse.
864 3228 923 3279 447.
943 3227 981 3278 St.
1005 3243 1054 3291 pro
1079 3226 1138 3279 cod.
1251 3288 1252 3297 ἵ

172 3285 290 3337 Steleni.
