2509 3917
192 178 235 243 54
502 176 563 228 nra.
581 175 621 226 11.
656 192 683 228 v.
701 176 846 229 aaa-rae.

236 329 367 393 Plurima
389 327 427 389 de
449 326 520 388 belli
541 329 727 407 proprietate
749 325 841 406 loqui.

192 418 227 478 ln
250 415 355 477 castris
377 424 423 474 est
443 411 565 490 grandis
586 412 615 471 ci
636 410 764 472 munitio
785 428 884 479 curae,
993 474 1000 481 ,

235 500 403 576 Torpentes
424 496 529 573 vigiles
551 495 732 556 circueundo
753 505 862 556 monet.

192 584 270 646 lluic
292 588 355 642 erat
375 583 407 641 in
429 582 515 656 signo
537 597 622 640 mens
644 579 849 641 sollertissima
872 576 978 650 dando,

237 668 408 728 lnstaurans
429 665 508 725 acics
531 661 608 724 bella
630 680 750 724 movere
772 661 869 723 docet.

192 750 330 814 Pondere
353 760 460 810 cuncta
482 746 562 809 velut
583 746 864 808 observantissimus
885 748 974 826 aequi

236 837 340 903 Taxat,
364 841 403 900 et,
427 840 460 892 ut
478 832 573 902 cedat,
596 832 670 893 lalsa
692 838 811 891 moneta
832 837 933 908 rogat;

192 920 231 982 Et
253 918 383 979 breviter
404 927 511 978 cuncta
533 914 625 978 voluit
646 913 781 994 neglecta
802 917 911 993 putari,

236 1004 268 1064 Si
291 1019 350 1060 non
372 1000 514 1063 sollicitas
535 999 660 1062 adderet
681 1001 746 1078 ipse
771 1000 860 1059 vices.

194 1088 289 1165 Saepe
312 1092 517 1164 repraesentat
538 1084 668 1144 validum
692 1102 724 1144 se
746 1082 865 1148 robore.
887 1082 964 1144 sicut

236 1168 474 1248 Septorumque
496 1167 573 1229 solet
594 1168 727 1246 effigiare
749 1167 842 1246 pugil.

193 1255 348 1332 Ingenium
372 1254 446 1313 mala
469 1270 560 1331 saepe
581 1259 694 1328 monet,
716 1250 886 1312 mulcedine
908 1248 959 1310 tali

236 1337 391 1416 Argolicos
413 1339 506 1398 movit
526 1337 698 1413 ingeniosus
720 1333 820 1396 homo.

389 1480 538 1538 fluenda
555 1480 647 1536 'PRES
665 1479 811 1536 occlmn
827 1478 953 1539 DUGES.

193 1592 259 1652 lam
282 1589 341 1650 duo
363 1588 543 1650 transierant
565 1585 664 1666 elapsa
687 1603 762 1666 pace
785 1585 961 1647 decembres

235 1674 350 1734 Acriter
372 1674 404 1732 in
425 1672 550 1732 blartem
573 1671 809 1748 congrediuntur
830 1671 911 1734 itam.

114 1786 116 1789 ·
194 1756 229 1817 ln
252 1755 375 1814 blartem
398 1753 468 1828 dixi,
491 1763 554 1813 tum
576 1772 695 1831 possem
718 1753 818 1814 dicere
840 1768 978 1823 mortem,

236 1839 311 1898 llnm
334 1838 457 1899 llartcm
480 1844 629 1915 repetunt,
652 1836 760 1899 lunera
782 1841 892 1900 mortis
912 1845 1010 1916 agunt

195 1921 340 1984 Aeacides
362 1922 450 1989 acies,
475 1920 641 1988 Diomedes,
665 1919 760 1999 major
782 1923 900 1983 Atrides

238 2008 277 2067 Et
298 2007 396 2065 minor
417 2004 556 2076 educunt,
579 2004 693 2066 hostica
716 2008 802 2083 signa
824 2005 933 2069 levant.

194 2090 365 2151 Occurrunt
387 2088 518 2159 Graecis,
542 2090 725 2151 Graecorum
749 2088 872 2151 malicus
893 2089 1016 2167 Hector,
1040 2098 1043 2113 ¹

237 2178 360 2242 Aeneas
383 2171 518 2241 Troilus:
541 2173 590 2234 bic
611 2175 645 2234 llt
668 2180 697 2232 et
718 2173 787 2233 inde
809 2191 911 2234 sonus.
1025 2193 1030 2197 ⁴

194 2256 383 2317 Concurrunt
404 2259 501 2326 cunei,
523 2257 675 2318 rubebunt
696 2259 842 2334 sanguine
865 2258 971 2337 campi,

238 2340 293 2408 Hic
314 2357 376 2418 pes,
398 2340 448 2401 bic
469 2340 613 2403 humerus
635 2341 684 2401 hic
703 2340 824 2418 jacuere
846 2360 962 2402 manus.

193 2426 249 2488 Hic
271 2426 358 2494 latus,
380 2424 429 2485 bic
451 2425 564 2503 oculos,
586 2426 637 2489 hic
659 2442 757 2496 coxas,
780 2418 830 2485 ille
852 2425 979 2493 lacertos

239 2508 295 2570 llic
317 2526 397 2578 crus,
419 2509 470 2570 bic
491 2511 594 2571 clunes
616 2509 756 2589 perdidit,
779 2509 833 2570 ille
855 2509 956 2589 pedes.

195 2592 288 2661 lilius,
311 2595 399 2653 istius
421 2601 511 2672 caput
532 2613 550 2655 a
571 2596 690 2655 cervice
713 2593 862 2656 revulsum

237 2677 366 2736 Currere
388 2677 465 2738 mole
487 2677 564 2756 pilae
585 2678 678 2751 rubra
701 2695 757 2755 per
778 2695 846 2738 arva
870 2678 953 2748 vide;

194 2760 397 2836 Sanguineum
420 2762 518 2821 rivum
539 2761 716 2822 moribunda
739 2779 793 2841 per
815 2779 867 2821 ora
889 2763 1030 2827 liuentem

235 2843 290 2903 llic
311 2841 387 2904 bibit
408 2850 439 2903 ct
459 2861 561 2906 semen
582 2847 737 2922 sanguinis
757 2843 809 2905 ille
832 2847 930 2907 vomit.

193 2928 248 2988 Vix
271 2928 378 3004 recipit
400 2926 501 3005 largus
522 2935 672 3008 prostrata
694 2928 837 2990 cadavera
859 2946 992 3009 campus,

235 3010 313 3071 Vivis
335 3012 531 3090 praecludunt
552 3022 667 3074 mortua
690 3011 822 3072 membra
845 3011 952 3073 locum.

188 3093 400 3172 'Languescunt
421 3114 513 3165 arma,
536 3115 597 3158 non
618 3099 706 3172 armi,
728 3095 790 3156 sola
812 3094 947 3158 voluntas

260 3313 319 3363 738.
348 3311 458 3379 Margo:
485 3328 579 3378 pugne
605 3315 706 3377 quarta
731 3312 761 3362 in
787 3329 842 3378 qna
860 3313 966 3364 Hector
988 3319 1045 3365 tres
1070 3312 1158 3366 ducas

193 3376 359 3430 Graecorum
393 3380 493 3431 occidit
520 3381 730 3441 Prothenorem,
765 3381 943 3432 Antilochum
976 3387 1005 3432 et
1033 3379 1158 3437 Boeben.

192 3448 251 3498 ⁷3⁶.
271 3463 286 3498 o
304 3449 424 3513 margine
442 3462 504 3513 pro:
523 3446 626 3502 oculus.
697 3448 755 3498 739.
776 3463 791 3497 e
809 3450 933 3514 margine
952 3464 1014 3514 pro:
1032 3464 1082 3515 pro
1100 3465 1158 3503 ora.
