2509 3917
706 4 714 35 l

190 176 252 238 114
503 177 566 228 aas.
584 179 630 228 ru.
660 196 685 231 v.
703 180 847 231 ara-soa.

189 326 313 389 Fraudis
336 327 371 390 ad
395 327 532 390 incudem
555 329 691 392 defertur
714 329 840 390 malleus
862 329 925 390 irae
1112 338 1166 388 aas

233 411 355 472 Vindice
378 411 529 474 fabricans
551 416 620 492 igne
644 414 756 475 doloris
779 431 878 475 acum.

193 496 365 557 Femineam
388 496 524 559 fraudem
548 516 636 560 nemo
659 500 798 577 cognovit
819 496 856 558 ad
879 513 1011 575 unguem

236 579 300 641 Scit
322 583 416 658 magis
438 581 609 643 instabilem
632 583 765 662 pendere
787 580 888 641 nullus
910 598 1004 641 arem.

193 663 302 724 Evocat
323 663 398 725 baec
421 665 574 727 Paridem:
598 669 676 728 nosti
698 669 801 747 patris,
823 666 927 744 inquit,
951 664 1099 727 Achillem

235 746 371 809 Hectoris
394 757 423 809 et
445 748 537 809 Troili
560 750 695 812 membra
717 749 835 811 dedisse
857 751 940 818 ueci;
1115 759 1170 809 380

192 831 258 902 Quo
281 832 421 894 damnum
444 834 558 911 patriae
580 834 664 896 dedit
684 830 888 911 insuperabile
911 840 1042 903 nostrae,

235 915 309 976 Nam
331 913 439 994 Trojae
462 916 585 995 clypeus
607 936 713 979 murus
735 926 765 978 et
786 935 873 979 arcus
895 923 990 977 erant.

193 998 310 1060 Laudes
333 1000 455 1059 eximias
477 999 523 1061 bis
546 1001 640 1062 indita
662 1018 781 1079 semper
804 998 953 1070 honestas,

233 1081 335 1142 lnclita
360 1080 474 1152 militia,
498 1084 614 1162 perdita
638 1087 694 1145 rita
718 1084 810 1146 dedit.

191 1166 257 1226 Scis
280 1169 367 1227 etiam
392 1167 472 1246 quod
495 1177 559 1229 erat
579 1168 761 1230 fortissimus
784 1186 861 1229 uuus
885 1175 914 1227 et
936 1166 1020 1238 alter,
1117 1177 1170 1227 385

234 1250 266 1309 ln
290 1249 384 1311 stadio
405 1251 508 1311 mundi
529 1269 590 1313 nou
612 1251 745 1314 habuere
766 1254 872 1331 pares.

195 1333 285 1394 latur
308 1334 390 1394 etin
413 1335 504 1395 lando
525 1334 675 1413 singultus
696 1339 760 1413 ipsa
783 1335 934 1412 loquentis

235 1415 363 1477 verbula
386 1416 564 1493 delacerent,
589 1421 694 1499 vixque
716 1437 823 1481 sonare
847 1420 957 1480 sinum

191 1500 349 1561 Articulata
373 1501 450 1578 perit
471 1520 537 1570 vox,
561 1504 663 1580 prodit
684 1501 872 1564 inarticulata

234 1584 270 1644 Et
292 1584 461 1661 singultatis
483 1584 606 1664 subjicit
627 1586 678 1647 illa
701 1588 790 1648 sonis
1118 1598 1173 1647 390

194 1667 279 1727 Nunc
302 1669 430 1746 primum
453 1668 527 1729 llore
549 1669 720 1732 renitebant
741 1669 829 1731 ambo
850 1668 1000 1748 juventae,

233 1748 306 1809 Vae!
336 1754 388 1811 toti
411 1753 525 1829 patriae
549 1772 639 1832 quum
663 1754 798 1815 cecidere
822 1752 912 1812 male!

191 1832 325 1893 Dedecus
347 1834 404 1893 boc
425 1836 614 1914 reprehende
638 1839 705 1907 tuis,
729 1838 754 1896 si
776 1836 926 1911 mileses,
950 1839 1053 1908 armis,

234 1915 265 1975 Si
288 1917 369 1986 vivis,
392 1921 469 1980 tanti
492 1921 625 1982 criminis
647 1918 726 1982 ultor
748 1921 819 1982 eris.

193 1998 314 2078 Ortoque
339 2001 426 2060 modo
448 2006 553 2080 possis,
577 2022 663 2064 aures
685 2003 815 2079 adverte,
839 2002 963 2074 docebo,
1120 2016 1173 2065 395

233 2082 336 2142 Nitere
359 2083 495 2146 doctrina
517 2087 662 2165 providus
684 2106 748 2150 esse
769 2105 846 2149 mea.

193 2165 229 2224 Et
251 2167 276 2226 si
298 2184 358 2226 non
381 2173 497 2246 poteris
519 2172 575 2232 hoc
600 2170 723 2240 viribus,
746 2180 809 2244 arte
832 2172 951 2240 lruaris,

232 2250 302 2310 Arte
326 2250 435 2312 cadunt
457 2264 565 2323 turres,
588 2263 651 2315 arte
674 2255 788 2315 levatur
810 2272 896 2316 onus.

192 2334 224 2393 Si
246 2336 311 2413 quis
334 2353 417 2395 arem
440 2338 511 2397 velit
534 2343 563 2397 et
584 2339 672 2398 aliam
694 2356 759 2399 rem
781 2340 940 2416 prendere,
963 2338 1058 2401 rebus

236 2417 405 2478 Prendendi
428 2423 507 2481 caris
529 2429 655 2499 occupet
676 2419 725 2483 ille
748 2421 863 2492 locum;
1120 2436 1175 2485 400

196 2500 366 2562 Abscondat
386 2502 517 2582 laqueos,
541 2501 666 2583 laqueus
687 2507 713 2565 si
736 2506 812 2568 iorte
835 2507 960 2576 ridetur,
1061 2551 1065 2556 =

235 2584 294 2644 lies
318 2586 489 2661 prendenda
513 2588 599 2664 lugu,
621 2607 749 2668 spesque
772 2590 876 2652 relicta
898 2592 989 2670 perit.

195 2667 304 2726 Cautus
327 2671 406 2728 enim
430 2670 543 2732 iuream
566 2673 672 2733 metuit
693 2672 782 2753 lupus
805 2676 1017 2753 accipiterque,

235 2749 393 2827 Suspectus
416 2752 537 2831 laqueos
559 2765 592 2816 tu
615 2775 733 2837 quoque
756 2758 843 2819 milve
865 2760 955 2835 iugis.

180 2832 332 2895 Providus
355 2842 407 2907 est,
431 2841 550 2916 sapiens
573 2847 626 2907 est,
651 2840 745 2911 lortis,
769 2849 873 2904 cautus
895 2839 1041 2905 Achilles:
1118 2854 1172 2903 405

234 2918 294 2976 Ars*
312 2925 430 2980 cautum
454 2931 538 3003 caute
561 2923 665 2984 fallere
687 2934 773 2986 cauta
795 2927 880 2988 solet.

189 3034 391 3045 ...—--..-.-

257 3103 316 3151 394.
335 3102 422 3166 blarg.
441 3103 470 3153 st
487 3105 596 3156 vividus
610 3121 649 3157 es.
720 3110 778 3160 395.
798 3112 841 3158 est
859 3107 988 3158 Gualtsri
1005 3105 1169 3163 Alexandr.

188 3168 212 3230 Ι,
230 3184 257 3221 v.
277 3170 318 3221 83.
388 3173 445 3221 398.
464 3172 599 3237 Pamphil.
616 3174 669 3232 ΙΙΙ,
688 3177 729 3226 14.
766 3176 854 3225 Totus
872 3176 918 3225 hic
930 3175 1009 3227 locus
1021 3178 1172 3230 aet—403

188 3236 359 3301 periphrasis
389 3244 431 3287 est
459 3238 607 3304 Pamphilii
634 3242 692 3305 111,
712 3245 743 3292 12
761 3257 819 3307 sqq.
906 3245 965 3294 403.
983 3246 1008 3294 4.
1034 3242 1171 3296 Imitatio

187 3304 286 3355 Horat.
304 3300 355 3369 Ep.
373 3304 396 3363 1,
417 3307 457 3365 16,
476 3309 517 3356 50.
535 3311 576 3362 bl.

257 3372 364 3422 Cautus
383 3372 453 3423 enim
472 3376 569 3423 metuit
587 3375 698 3425 foveam
715 3376 796 3440 lupus
816 3377 1004 3442 accipiterque

258 3436 406 3503 Suspectos
425 3440 538 3503 laqueos
557 3446 585 3490 et
603 3446 728 3504 opertum
746 3444 847 3494 miluus
865 3445 986 3499 bamam.

309 3646 358 3663 Ἰμι-
392 3642 401 3661 Ε
