2509 3917
159 175 200 242 86
464 179 525 231 Lib.
543 179 595 235 111.
626 195 657 234 .v.
676 179 821 231 tto-tu,

229 359 291 416 HIC
309 359 479 428 POPPES⁸)
497 312 575 416 Dux
594 359 793 416 oculuiuuu
810 360 860 414 AB
877 359 1059 417 HECTORE.

158 466 296 528 Hectoris
317 467 468 544 ingentem
491 467 651 534 fortunam,
676 466 768 527 robur
790 468 898 528 avitum

199 552 312 630 Aspicit
332 551 484 620 Aeacides,
507 552 719 630 prospiciendo
742 551 831 612 dolet.

158 635 303 714 Desperat
326 636 435 695 danais
457 638 634 713 contingere
656 653 742 714 posse
765 633 949 715 triumphum

199 719 327 781 Hectore
349 720 451 799 Cocyti
474 722 505 781 ni
527 719 675 780 subeunte
697 719 801 783 lacum.

158 804 284 882 Cogitat,
306 808 482 866 innumeros
504 821 562 881 ope
583 803 702 864 roboris
724 805 788 885 ejus
809 802 945 873 Achivos,

199 889 292 949 Immo
314 888 379 948 iere
401 897 535 958 cunctos,
559 887 738 950 occubuisse
761 889 868 956 duces;

158 972 195 1033 Et
216 973 305 1053 quod,
329 991 365 1033 ao
387 972 451 1033 soio
473 990 564 1052 super
586 991 656 1032 arva
678 975 847 1053 superstite,
870 979 931 1033 tota
1077 981 1125 1031 455

201 1059 384 1119 Graecorum
408 1058 526 1136 penitus
549 1059 587 1118 sit
609 1059 742 1136 peritura
764 1074 878 1119 manus.

157 1141 318 1219 Sanguinis
340 1141 422 1202 Hiius
443 1141 534 1220 igitur
556 1143 620 1202 sitit
641 1139 691 1201 iiie
713 1142 857 1203 ilueutum

199 1225 360 1286 iutendens
383 1227 447 1303 ejus
469 1243 606 1302 mergere
627 1234 726 1286 morte
748 1233 848 1306 caput.

157 1310 293 1387 Pugnant
316 1316 346 1369 et
368 1308 466 1370 dubiis
488 1310 589 1370 volitat
612 1311 733 1372 victoria
756 1312 873 1390 pennis,

204 1395 288 1456 Nunc
311 1396 442 1455 moriens
464 1402 591 1473 spumat,
614 1397 668 1474 qui
690 1395 779 1456 modo
801 1396 894 1455 victor
917 1400 989 1464 crat,
1077 1401 1126 1452 460

158 1480 243 1541 Nunc
265 1480 316 1540 iict
339 1481 391 1556 qui
413 1479 487 1548 risit,
511 1478 590 1540 ridet
612 1479 701 1540 modo
723 1481 775 1560 qui
797 1481 856 1539 cito
879 1477 971 1547 flebit,

201 1564 254 1624 iiic
276 1563 364 1623 modo
386 1564 436 1642 qui
457 1564 578 1642 perimit
600 1563 649 1623 hic
671 1564 848 1643 perimendo
870 1566 960 1640 perit.
1035 1600 1039 1605 -

157 1647 246 1709 Miltia
269 1647 360 1707 muita
384 1648 503 1716 cadunt,
527 1645 598 1707 belii
620 1650 785 1709 constantia
808 1647 906 1725 largos

200 1733 349 1810 Purpurat
371 1737 401 1790 et
422 1735 516 1794 nimio
538 1733 684 1810 sauguine
706 1733 802 1810 pingit
824 1748 921 1809 agros.

158 1814 308 1877 Horridus
330 1814 380 1874 iiic
403 1816 459 1883 ieo,
483 1818 615 1878 danaum
639 1818 728 1878 timor
750 1819 865 1886 unicus,
889 1815 1009 1884 Hector,
1075 1821 1122 1873 465

199 1900 319 1961 Miiitiae
343 1902 508 1978 specuium,
532 1902 718 1964 strenuitatis
740 1901 837 1962 honor
975 1962 981 1971 „

88 2032 90 2034 -
156 1985 212 2047 Hic
235 1984 321 2053 volat,
344 1983 394 2044 hic
415 1985 537 2055 revolat,
561 1985 661 2046 dubiis
682 1986 731 2046 hic
752 1986 843 2047 eorda
866 1984 1028 2052 ministrat,

201 2070 253 2128 Hic
275 2065 396 2147 pavidos
417 2071 536 2139 animat,
561 2075 679 2147 agmina
702 2071 815 2131 Graeca
838 2076 929 2129 secat.

158 2153 253 2232 Major
276 2155 304 2213 ei
326 2155 435 2215 crescit
458 2155 579 2217 audacia
601 2154 727 2234 Poppite
749 2161 852 2222 strato,
943 2156 948 2162 ’

203 2238 282 2298 inter
304 2248 457 2315 magnatos
478 2258 538 2300 non
562 2248 626 2300 crat
647 2239 700 2301 iiie
721 2239 829 2299 minor.

159 2319 242 2383 lilius
264 2321 314 2400 hic
336 2323 441 2403 ciypco
464 2323 551 2385 simui
574 2331 755 2402 arreptoque
778 2321 879 2399 galero

199 2407 339 2486 Inpavido
362 2409 471 2470 scindit
494 2407 577 2469 obvia
601 2414 708 2469 cuncta
731 2405 830 2467 modo.

157 2491 308 2560 Miramur,
332 2495 402 2554 totis
424 2493 494 2555 dum
519 2492 616 2554 i'undit
639 2509 764 2570 corpora
787 2489 910 2567 campis,

201 2576 232 2635 Si
256 2585 315 2636 taur
338 2576 472 2655 gioriiico
495 2578 604 2637 robore
625 2576 736 2654 gaudet
758 2574 860 2635 homo.

157 2657 220 2729 Qua
243 2659 336 2718 vietor
359 2661 480 2737 gaudes,
503 2659 577 2721 haec
598 2669 629 2722 te
653 2661 775 2722 victoria
798 2658 920 2740 perdet:
1075 2660 1121 2712 did

200 2742 329 2806 invictus
351 2747 460 2804 totiens
481 2743 561 2805 iiiico
583 2745 679 2805 victus
702 2745 771 2805 eris.

157 2827 237 2887 Mors
260 2829 378 2897 mordet
398 2829 523 2890 meliora
544 2831 638 2908 prius,
662 2828 763 2907 pejora
786 2843 937 2906 supremo,

199 3064 225 3128 *i
239 3066 356 3130 Poppae.
375 3063 463 3115 Dares
477 3062 657 3127 Polyboctum
671 3063 802 3123 nominat,
818 3065 849 3110 ut
860 3067 890 3113 ct
900 3059 1035 3123 marginis
1047 3056 1123 3108 schc-

156 3133 215 3184 lion
233 3132 268 3182 ad
285 3148 312 3184 v.
331 3133 381 3183 469
399 3131 539 3182 observat.
599 3131 659 3181 452.
678 3129 738 3180 nod.
757 3128 870 3181 eunichi.
928 3129 986 3179 toa.
1006 3124 1121 3176 imitatio

159 3200 241 3252 Ovid.
259 3199 329 3250 Met.
347 3197 423 3260 VIII,
443 3201 482 3249 13.
518 3198 592 3246 inter
614 3201 762 3261 utrumque
785 3195 863 3246 volat
884 3194 949 3245 dub.
968 3195 1040 3246 vict.
1063 3205 1121 3256 pan

155 3270 215 3319 469.
234 3265 364 3318 Scholion
391 3265 535 3331 marginis.
571 3264 681 3328 Poppes
708 3263 762 3313 dur
786 3262 820 3312 ab
837 3262 960 3313 Hectore
982 3259 1123 3318 occiditur,

157 3335 204 3385 hic
223 3335 278 3386 alic
297 3332 407 3385 nomina
426 3334 455 3381 iu
473 3333 572 3396 Dictys
593 3335 637 3380 est
654 3330 815 3394 Polybetes,
835 3330 883 3394 qui
901 3344 963 3379 cum
981 3328 1058 3378 socio
1076 3339 1124 3375 suc

157 3403 277 3454 Leontio
299 3401 452 3452 adduxerat
469 3398 519 3447 XL
538 3412 633 3452 naves.
651 3423 684 3434 -
702 3396 806 3448 Hector
824 3396 935 3461 accepit
953 3394 1081 3460 elypeum
1098 3395 1126 3441 et

158 3471 268 3533 galeam
285 3469 441 3533 Polybetis.
477 3465 583 3516 Crescit
601 3481 650 3529 pro
669 3463 727 3516 cod.
747 3462 895 3526 ‚,cressit“.
