2509 3917
150 131 193 195 62
462 129 525 180 uro.
544 129 581 181 11.
619 144 644 177 v.
662 129 807 179 sss-ors.

398 276 473 332 PAX
489 274 647 332 DUORUM
664 274 859 330 undosum.

151 386 274 446 Postera
296 383 348 445 lux
369 383 486 451 aderat;
509 379 634 443 Graecis
655 381 840 458 suspendere
863 378 972 440 bellum

193 468 231 530 Et
252 467 380 547 sepelire
403 484 473 527 suos
494 485 580 526 mens
601 474 677 535 erat,
698 465 788 547 idque
809 472 926 543 rogant,

148 552 366 633 Adjiciuntque‚
390 552 465 612 duos
487 558 521 610 ut
543 553 583 611 sit
605 569 662 629 pax
684 551 769 612 firma
791 567 848 629 per
869 567 973 609 annos.
1068 557 1124 607 ooo

193 637 254 698 Pax
276 637 372 704 datur,
395 634 559 696 intrabitur
580 653 684 695 mucro
706 651 814 694 cruore
837 642 930 695 satur.

152 720 301 799 Plangens
322 719 473 782 subterrat
495 716 664 780 Patroclum
688 727 820 780 moestus
841 715 982 786 Achilles,

193 805 348 866 Planctum
371 800 566 882 subsequitur
589 802 751 882 exequialis
771 803 878 863 bonor.

152 889 306 966 Magnifice
329 887 435 967 sepelit
457 892 658 964 Agamemnon
680 886 876 947 Protesilaum

192 968 346 1050 Sanguine
369 974 465 1048 primo
480 972 631 1052 Phrygum
653 972 705 1049 qui
728 970 876 1031 rubefecit
897 970 1037 1037 humum;
1062 978 1119 1027 655

151 1057 284 1126 Caetera,
308 1073 384 1135 quae
406 1057 525 1124 cecidit,
548 1054 603 1114 sub
626 1056 737 1134 cespite
759 1054 846 1115 turba
870 1054 992 1115 locatur.

191 1139 292 1200 Altera
315 1158 383 1218 pars
406 1139 525 1218 liquidis
547 1138 671 1201 vulnera
693 1141 785 1199 siccat
806 1141 900 1218 aquis.

150 1226 280 1303 Corpora
305 1227 351 1284 rix
375 1225 519 1303 quaedam
543 1224 624 1283 ferro
647 1230 790 1283 sanantur
813 1233 909 1291 acuto,

192 1307 340 1368 Auxilium
363 1308 465 1369 multis
486 1325 595 1368 succus
617 1316 647 1368 et
669 1306 762 1368 herba
785 1307 850 1368 luit.

149 1392 278 1453 Vulnera
300 1411 386 1454 saera
410 1393 497 1452 nimis
519 1391 682 1452 subsanam
704 1409 793 1470 saepe
816 1392 990 1468 magistrum
1063 1399 1122 1448 ooo

191 1476 344 1539 Interdum
368 1477 454 1537 docta
475 1477 544 1554 plus
565 1476 645 1536 valet
666 1483 730 1535 arte
753 1474 872 1535 malum.

151 1557 214 1620 Una
237 1559 316 1622 salus
339 1561 404 1620 aliis
425 1560 535 1620 nullam
559 1577 682 1639 sperare
704 1558 839 1629 salutem,

191 1643 241 1731 Nl,
259 1653 379 1723 praeter
400 1645 505 1704 mortis
527 1641 692 1722 operiendo
714 1643 832 1722 pedem.

150 1726 225 1786 Pars
247 1745 369 1804 magnas
391 1727 490 1787 iecere
512 1745 608 1805 pyras,
633 1737 662 1788 et
683 1729 713 1786 in
737 1745 806 1787 aere
829 1726 918 1795 nudo,

191 1810 257 1878 Tot,
280 1810 426 1886 siquidem
449 1812 568 1870 fuerant
591 1811 676 1871 busta
699 1819 828 1889 perusta,
851 1810 955 1871 lotant.
1065 1820 1122 1868 ooo

257 1988 435 2043 HELENAM
453 1988 608 2043 TROIANl
626 1988 783 2045 GRAECIS
800 1989 997 2044 ΕΧΗΙΒΕΝΤ.

147 2111 258 2170 Hector
279 2110 436 2171 stultitiam
459 2120 602 2190 reputans
623 2120 668 2172 tot
689 2111 768 2172 milla
792 2116 892 2181 morti,

191 2194 249 2254 Tot
269 2212 410 2272 proceres
432 2213 490 2255 una
513 2212 568 2272 pro
591 2195 716 2255 muliere
739 2195 813 2261 dari,

150 2278 183 2338 ln
207 2285 323 2339 coetum
348 2287 430 2339 vocat
451 2277 502 2340 ille
524 2278 666 2357 Phryges.
710 2279 826 2339 Venere
849 2283 952 2340 vocati.

191 2363 348 2442 Computat
369 2363 528 2424 besternae
550 2364 655 2422 lunera
678 2364 778 2422 caedis
800 2363 850 2422 ibi.

147 2445 210 2506 Nos
231 2446 374 2507 Helenam
398 2446 568 2516 reddamus,
592 2449 642 2513 ait,
667 2464 720 2505 cur
742 2454 847 2524 sponte
869 2447 1013 2524 perimus,
1065 2457 1123 2505 670

190 2529 332 2591 Maximus
353 2532 384 2590 in
406 2548 479 2609 pace
502 2533 601 2590 vivere
624 2528 704 2589 nolle
725 2529 819 2590 furor.

148 2611 294 2672 Omnibus
315 2611 389 2673 baec
412 2612 523 2690 placuit
544 2617 699 2682 sententia,
723 2615 852 2675 mittitur
875 2631 947 2690 ergo

189 2695 295 2756 ldaeus
317 2696 440 2756 Graecis
463 2696 649 2757 exhibiturus
672 2717 747 2757 eam.

148 2779 215 2840 Non
236 2778 334 2857 placet
356 2781 487 2839 edietum
512 2779 655 2859 Menelao,
680 2784 789 2857 cogitat
811 2791 909 2840 autem

189 2862 223 2923 ln
244 2861 378 2940 jugulum
401 2863 517 2928 Paridis
538 2862 588 2924 ille
611 2883 732 2925 movere
755 2882 869 2924 manus.
1062 2873 1118 2923 675

214 3130 272 3180 648.
321 3129 417 3193 Margo
452 3131 582 3194 praebet:
627 3145 682 3193 pax
711 3133 800 3194 prime
826 3130 939 3181 duorum
970 3146 1118 3182 annorum.

147 3197 205 3248 655.
225 3195 459 3251 eodmbebecit.
495 3197 790 3248 retundemus.
809 3197 925 3261 1,3‚18.
960 3200 1116 3263 convirg,

146 3265 213 3313 Aen.
223 3263 260 3323 11,
278 3265 342 3314 354:
361 3278 414 3313 uns
432 3264 508 3314 selus
520 3263 601 3311 victis
620 3262 724 3312 nullam
743 3280 853 3327 sperare
872 3267 998 3315 sulutem.
1051 3268 1117 3316 669.

146 3331 265 3394 Epitom.
287 3331 351 3380 639:
372 3345 524 3381 memorans
537 3330 681 3379 besternae
693 3330 792 3380 funere
805 3331 908 3385 caedis.
943 3334 1001 3386 673.
1014 3334 1118 3383 missio

146 3396 226 3446 Idaei
243 3412 297 3447 non
315 3397 424 3447 Alberti
443 3397 490 3447 sed
509 3397 706 3461 Epitometoris
724 3413 748 3449 v.
767 3399 816 3448 638
835 3414 893 3463 sqq.
913 3404 963 3452 est.
