2509 3917
206 189 245 253 12
543 189 605 239 ure.
623 189 646 238 1.
676 203 702 241 v.
720 188 831 239 ao-ae.

246 343 282 404 Et
306 341 451 403 foecunda
473 341 545 402 lacit
567 347 688 420 pectora
712 338 809 400 laudis
831 356 925 399 emor.

205 427 267 497 lbo,
293 428 394 496 refert,
419 425 529 488 dentur
552 426 627 486 socii
649 427 792 503 navisque
814 431 947 504 paretur,

248 515 344 591 Argus
368 519 441 573 erat.
480 509 630 579 Fabricet,
654 525 706 570 rex
729 512 781 585 ait,
804 511 884 587 drgo
907 515 1000 569 roret.

306 642 422 698 JASON
439 639 606 699 NAVIGAT
624 639 697 693 PRO
715 636 882 692 VELLERE
900 637 1034 692 AUREO.
1240 650 1243 726 p

206 752 353 812 humores
375 748 449 809 hinc
471 746 542 808 inde
565 743 663 805 rolant
685 744 721 804 de
745 744 869 811 Jasone;
893 742 994 814 lason,

249 835 287 897 Ut
309 831 404 893 vellus
426 832 532 910 rapiat,
556 827 687 891 Colchon
710 828 793 889 adire
816 839 909 908 parat.

204 919 349 995 Exsurgit
372 918 454 977 navis
477 915 689 993 pulcherrima,
712 912 847 992 velleque
870 920 965 973 totum

249 1001 358 1071 Militis,
384 1007 416 1062 ut
437 1001 523 1061 lieret
544 997 628 1058 valde
651 1004 781 1067 venusta,
805 997 870 1057 luit.

206 1087 329 1149 Graecia
352 1085 429 1146 laeta
451 1085 538 1153 iavet,
563 1081 715 1161 applaudit
738 1080 834 1152 turba,
853 1078 994 1158 juventus

249 1170 371 1232 Ciliciae
394 1169 476 1231 ducit
497 1166 613 1246 gaudia,
638 1166 764 1246 spondet
786 1182 885 1244 opem.

166 1319 169 1328 ,
206 1257 296 1317 lason
320 1254 495 1315 adhortatur
518 1253 624 1321 socios,
649 1259 682 1313 ut
704 1251 821 1331 quando
843 1251 944 1310 vocari

248 1338 317 1400 lllos
339 1339 499 1415 contingat,
523 1341 650 1417 quisque
673 1344 792 1415 paratus
815 1343 872 1395 eat.

207 1424 297 1486 Navis
319 1425 482 1503 perficitur,
505 1439 601 1483 annus
623 1423 726 1482 linitur
749 1427 779 1481 et
801 1437 871 1480 ecce

249 1508 294 1570 llli
316 1507 460 1570 laetanter
483 1505 698 1586 aggrediuntur
720 1508 789 1566 iter.

207 1594 354 1674 lmprimit
375 1593 421 1653 his
444 1591 540 1652 Pelias
563 1598 732 1652 constantes
755 1607 829 1658 esse,
853 1587 931 1649 virili

250 1678 375 1738 Pectore
399 1679 584 1753 propositum
608 1678 786 1735 continuare
807 1690 903 1743 suum,
1142 1682 1177 1733 40

207 1759 341 1830 „Pendet
362 1762 393 1819 iu
416 1758 472 1818 hoc
495 1776 586 1837 opere
609 1761 707 1818 nostri
730 1758 845 1828 fiducia,
869 1759 947 1818 lama
1044 1793 1049 1800 ·

249 1844 357 1918 Vestri,
381 1840 567 1920 Grajugenae
590 1841 683 1919 gloria
707 1841 840 1919 g'entis“,
864 1844 913 1903 ait.

405 1971 520 2026 JASON
538 1970 771 2026 DEPELLITUR
789 1971 865 2028 CUM
883 1971 970 2026 SUIS.

206 2081 360 2154 Attingunt
382 2076 550 2156 Phrygiam,
575 2077 684 2138 Simois
706 2077 786 2139 [lavit
808 2076 912 2138 obvius
936 2076 1004 2146 illis,

250 2164 333 2223 lllens
355 2162 421 2229 luit,
446 2169 478 2221 ut
500 2170 605 2240 portus
627 2161 812 2239 eligerentur
830 2161 882 2222 ibi.

208 2250 326 2310 Ancora
350 2244 518 2326 projicitur,
541 2245 651 2307 saliunt
672 2249 704 2307 in
727 2245 813 2306 litora
836 2244 915 2314 laeti,
1146 2255 1178 2305 to

249 2332 372 2395 Miratur
395 2348 428 2390 sc
451 2347 516 2391 rem
539 2338 618 2391 terra
643 2330 743 2391 videre
766 2346 880 2391 novam.

209 2413 445 2478 Laomedonteae
468 2415 601 2475 ascendit
623 2431 727 2475 rumor
748 2416 780 2473 iu
802 2431 899 2483 aureo,

251 2499 416 2561 Mirandum
440 2497 607 2577 Phrygibus
629 2496 810 2576 applicuisse
833 2506 938 2566 ratem,

208 2585 372 2660 Addicitur,
395 2582 512 2661 populis
534 2580 614 2661 quod
637 2580 724 2660 plena
746 2583 785 2642 sit
808 2590 836 2642 et
858 2584 927 2662 quia
949 2583 1043 2643 fortes

251 2668 316 2728 Sint
338 2666 426 2726 simul
449 2673 479 2726 et
499 2664 633 2743 juvenes,
656 2684 790 2746 quosque
813 2675 934 2745 stupere
957 2666 1046 2727 vides.
1145 2677 1180 2728 ao

207 2753 285 2812 Rex:
310 2747 498 2827 „Phrygibus
520 2748 607 2810 cedet
628 2751 660 2809 in
683 2767 788 2826 magna
812 2751 954 2829 pericula,
977 2753 1003 2811 si
1026 2769 1092 2813 mos

251 2835 305 2895 Hie
329 2832 525 2910 increbuerit,
549 2835 600 2912 qui
622 2834 711 2894 modo
735 2836 862 2913 coepit“,
887 2836 935 2905 ait,

115 2961 117 2966 ,
208 2917 352 2989 „Scilicet
374 2924 406 2977 ut
428 2917 560 2986 iuvenes,
584 2919 634 2997 qui
657 2920 753 2979 nutrit
775 2918 907 2988 Graecia,
931 2917 1047 2980 discant

249 3001 372 3062 Talibus
393 3002 424 3061 in
447 3009 583 3062 nostrum
608 3001 732 3063 navibus
753 3002 798 3062 ire
819 3001 950 3064 solum“.

207 3089 302 3148 lratus
325 3087 415 3146 mittit
438 3086 474 3145 ad
497 3093 614 3165 portum
640 3086 739 3147 dicere
762 3086 899 3147 Graecis:
1145 3097 1179 3148 tt

249 3173 308 3231 Vos
328 3170 413 3248 jubet
435 3187 470 3230 er
492 3187 585 3248 regno
607 3188 660 3230 rex
686 3187 849 3250 properare
872 3190 936 3233 suo.

210 3255 336 3323 Cedunt,
360 3253 492 3316 Colchon
516 3260 595 3324 eunt,
620 3272 676 3314 nec
699 3253 804 3333 adepta
827 3255 906 3334 pelle
929 3257 1096 3333 quiescunt,

252 3340 363 3400 Navem
387 3338 601 3407 conscendunt,
624 3340 746 3418 propria
770 3346 847 3401 tecta
870 3348 986 3420 petunt.

275 3475 316 3525 tt.
350 3472 418 3522 Mac.
438 3470 565 3524 credunt.
