2509 3917
186 164 228 230 10
516 167 578 217 Lib.
595 169 615 221 Ι.
640 168 822 222 Prooemium.

184 321 347 382 Hesionem
370 317 512 381 Telamon
536 319 711 396 deduxerat,
733 321 811 383 hanc
832 323 997 402 repetendo
1140 333 1156 384 5

184 403 231 467 Nil
254 406 316 482 agit
337 405 484 472 Antenor;
508 403 637 466 ultorem
660 423 693 466 se
715 406 799 467 Paris
822 407 917 477 olsert,

185 488 366 550 Dissuadent
388 489 484 569 aliqui,
508 489 560 550 sed
585 491 703 567 navigat
724 489 783 559 ille,
806 499 958 571 repertam

183 572 342 635 Deducens
364 574 506 635 Helenam
529 573 624 634 Troes
646 572 805 645 laetantur,
828 575 948 637 Atrides

184 656 321 719 Fratrem
341 656 463 728 solatur,
487 657 645 719 vindictam
669 658 792 720 Graecia
816 659 915 731 dictat,
1226 711 1227 738 p

183 740 247 803 Rex
269 744 472 822 Agamemnon
495 744 562 818 erit,
584 742 760 830 ratibusque
781 742 917 805 studetur
942 752 972 805 et
993 746 1095 806 armis.
1125 754 1157 803 lo

438 1025 487 1079 DE
504 1023 689 1082 PROGESSU
706 1024 892 1081 AUCTORIS.

270 1198 439 1260 Praemisso
462 1200 616 1279 prooemio
640 1207 669 1260 et
691 1198 848 1278 descriptis
868 1198 958 1279 primi
979 1197 1051 1260 libri
1074 1200 1157 1278 capi·

186 1283 257 1347 tulis
286 1292 405 1353 auctor,
439 1290 615 1362 praenotato
644 1290 832 1360 competente
861 1283 1036 1362 proverbio,
1071 1300 1157 1344 more

183 1370 365 1449 scriptorum
387 1371 532 1448 proponit
560 1374 589 1427 et
617 1370 734 1428 invocat
761 1375 793 1427 ut
815 1366 1021 1429 rationabilius
1044 1366 1082 1427 ad
1108 1386 1156 1427 or·
1232 1421 1233 1424 ,

182 1454 287 1516 dinem
310 1453 491 1515 narrationis
514 1452 651 1522 accedat:
671 1453 814 1529 proponit
836 1468 903 1512 cum
926 1453 1023 1532 posito
1047 1468 1157 1512 secun·

184 1538 256 1600 dum
279 1540 486 1600 auctoritatem
510 1537 606 1598 Ovidii
628 1535 708 1616 quod
731 1534 980 1597 delectamentum
1004 1536 1101 1612 magis
1124 1554 1157 1597 ao

184 1625 279 1701 magis
307 1621 411 1683 illiciat
438 1619 620 1689 studiosum
650 1621 750 1680 statim
771 1617 898 1697 subjecit
919 1620 1001 1699 quod
1024 1627 1157 1681 tractare

186 1707 256 1766 velit
284 1724 352 1765 cum
388 1706 473 1765 dicit:
508 1702 620 1764 Taliter
648 1704 666 1764 i.
695 1721 720 1762 e.
755 1702 805 1764 tali
836 1703 925 1764 modo
954 1703 1040 1765 stilus
1070 1721 1157 1765 meus
1235 1769 1236 1772 ,

186 1789 264 1850 idem
289 1789 421 1850 studium
445 1805 544 1848 meum
568 1790 628 1847 ruit
650 1789 681 1846 in
704 1804 786 1847 arma
810 1786 855 1848 vel
877 1786 989 1849 bellum
1004 1787 1157 1849 Troianae

186 1873 339 1933 historiae.
384 1871 460 1932 Ecce
487 1873 641 1950 expressio
666 1888 732 1931 mea
761 1873 878 1950 quaerit
906 1872 1074 1933 recitationi
1107 1871 1158 1933 de·

186 1975 269 2018 mere
297 1955 369 2017 ialsa
397 1963 426 2016 et
451 1972 591 2034 promere
620 1956 639 2014 i.
665 1972 692 2015 e.
716 1955 849 2016 scribere
872 1973 951 2017 vera.
997 1957 1077 2018 licee
1104 1975 1155 2017 ex-

186 2042 301 2120 pressio
317 2041 442 2100 lormae.
485 2039 605 2100 Invocat
625 2056 693 2100 cum
711 2039 876 2118 subjungit:
905 2040 1120 2110 „Automedon
1129 2038 1157 2118 *J

186 2142 275 2186 verus
306 2130 335 2186 et
362 2125 411 2202 qui
435 2122 514 2183 videt
535 2126 635 2184 omnia
659 2122 830 2184 Phoebus.“
873 2123 992 2185 lnvoeat
1013 2127 1158 2187 Autome·

189 2208 311 2271 dentem
334 2207 380 2269 vel
403 2209 536 2286 aurigam
559 2206 643 2268 illum
667 2209 717 2283 qui
740 2215 786 2269 est
807 2225 913 2268 currus
937 2207 1026 2269 lsrael
1050 2218 1080 2269 et
1106 2227 1158 2270 au·

187 2297 253 2371 riga
276 2293 352 2372 ejus,
374 2293 443 2354 ideo
466 2291 600 2372 adjungit
613 2309 717 2362 verus;
741 2301 770 2352 et
785 2289 866 2352 illum
882 2290 1046 2362 Phoebum,
1070 2295 1159 2354 cuius

185 2387 256 2440 sunt
285 2377 364 2439 oculi
391 2387 424 2438 ut
446 2377 564 2439 llamma
592 2377 668 2455 ignis
697 2383 726 2436 et
752 2382 910 2455 penetrant
931 2394 1025 2456 usque
1049 2377 1086 2437 ad
1114 2377 1158 2438 di·

97 2509 101 2517 .
185 2464 329 2524 visionem
358 2464 469 2542 speciei
497 2469 527 2522 et
553 2462 670 2522 animae
704 2470 734 2519 et
762 2478 821 2521 non
854 2468 899 2519 est
929 2459 988 2522 ulla
1017 2468 1158 2523 creatura

161 2546 344 2623 ‚invisibilis
366 2550 397 2607 in
421 2552 583 2624 conspectu
605 2539 737 2622 ejus**).
783 2544 989 2623 Propositione
1018 2553 1049 2605 et
1071 2546 1158 2605 invo-

185 2631 303 2691 catione
337 2630 414 2691 lacta
447 2630 546 2689 statim
581 2626 746 2689 secundum
777 2627 943 2689 doctrinam
970 2628 1089 2690 Horatii
1121 2628 1158 2691 ad

188 2722 327 2775 eventum
356 2712 477 2773 festinat
504 2713 589 2773 etin
618 2710 733 2772 medias
759 2729 809 2774 res
832 2720 861 2772 et
883 2713 1085 2774 narrationem
1111 2716 1158 2774 in·

185 2799 275 2860 choat
297 2798 413 2859 dicens:
451 2795 592 2866 „Crethei
624 2794 756 2876 proles.“
801 2795 945 2858 Cretheus
978 2795 1056 2858 tilius
1090 2804 1158 2858 erat

186 2882 278 2952 Aeoli,
302 2900 391 2963 quem
413 2879 586 2943 fabulantur
613 2880 702 2942 deum
726 2888 896 2950 ventorum,
926 2889 956 2942 et
978 2880 1075 2941 Pelias
1099 2882 1158 2942 iste

185 2966 307 3030 Crethei
331 2972 394 3027 erat
416 2965 494 3028 iilius
517 2974 548 3027 et
569 2966 663 3027 irater
678 2965 803 3027 Aesonis
820 2971 850 3025 et
864 2962 1081 3044 Pelopensibus
1098 2967 1156 3026 im·

186 3050 326 3132 perabat,
361 3069 450 3130 quam
479 3052 626 3113 civitatem
655 3049 763 3129 Pelops
792 3047 870 3110 tilius
898 3047 1015 3109 Tantali
1045 3048 1157 3110 dicitur

185 3138 330 3198 struxisse
353 3146 384 3197 et
406 3136 441 3197 ab
466 3135 529 3215 ejus
552 3137 673 3198 nomine
695 3134 732 3195 sit
754 3140 866 3195 vocata.

184 3308 389 3317 --——-——-

254 3426 279 3479 8.
298 3426 467 3492 energiae,
486 3429 581 3475 textus
599 3436 696 3472 rasura
714 3418 867 3485 illegibilis.
936 3415 963 3481 *)
982 3418 1052 3469 Mse.
1068 3416 1156 3482 dato·

185 3492 285 3543 medon
302 3500 333 3546 ut
352 3508 467 3561 semper.
539 3491 584 3556 **)
602 3490 656 3555 Ep.
676 3488 712 3538 ad
730 3486 815 3538 Hebr.
834 3487 882 3549 1v,
903 3487 943 3536 13.
