2509 3917
542 209 705 278 Praelatio..
1065 240 1104 288 χι

136 383 235 443 fusius
263 388 291 439 et
317 378 460 460 prolixius
488 380 525 440 de
548 379 746 442 Amazonibus
771 380 936 442 secundum
965 380 1102 441 Orosium

139 465 290 545 loquitur:

160 565 248 636 „Non
271 582 354 626 meus
375 565 424 626 bic
446 584 555 642 sermo,
577 573 704 627 testatur
726 564 849 628 Orosius
870 566 935 636 ista,

203 648 294 730 Cujus
317 648 427 711 habent
450 652 567 730 plenam
591 651 706 729 singula
729 649 820 711 rerba
843 650 981 713 lidem‘bt

229 769 272 829 De
294 767 484 829 Penthesilae
506 776 645 839 sornatu,
674 769 769 829 lorma
797 776 826 830 et
854 769 964 845 ligura,
992 766 1103 848 majore

141 860 175 913 ut
196 853 312 914 videtur
334 852 442 930 gaudio
465 861 495 912 et
516 852 606 922 tudio,
631 871 719 933 quana
742 851 854 914 clerico
873 871 927 933 par
944 860 999 923 est,
1022 851 1103 912 etde

143 936 358 998 lestivitatibus
396 939 427 997 in
465 937 610 999 honorem
654 939 783 1015 reginae
815 936 964 1017 loquitur,
1004 936 1104 998 aulaea

141 1022 287 1083 describit
309 1032 338 1082 et
360 1022 390 1080 in
412 1022 474 1083 illis
496 1025 666 1083 uuiversum
694 1020 774 1083 illius
800 1023 945 1100 temporis
965 1021 1104 1083 scientia·

143 1124 210 1167 rum
239 1105 382 1167 ambitum
413 1108 606 1188 interspersis
635 1105 742 1167 labulls
770 1112 800 1167 et
827 1106 957 1168 historiis
980 1106 1016 1167 ad
1038 1106 1104 1166 illu·

143 1193 318 1252 strationem
340 1191 466 1252 idoueis.
511 1191 664 1252 libertum
687 1193 779 1270 igitur
802 1188 914 1251 nullum
937 1190 1026 1252 alium
1048 1190 1104 1251 Da·

143 1283 238 1335 retem
261 1282 394 1336 secutum
417 1294 492 1344 esse,
517 1295 604 1356 quam
628 1294 716 1356 quem
732 1293 813 1337 nuuc
828 1273 973 1337 habemus
988 1288 1018 1336 et
1033 1292 1104 1354 pau·

146 1378 197 1420 cas
218 1368 331 1420 tantum
353 1362 550 1439 interspersas
572 1363 760 1422 narrationes
776 1379 811 1421 ex
826 1358 894 1420 aliis
909 1358 1106 1438 scriptoribus

141 1454 174 1504 ut
197 1442 319 1516 Drosio,
354 1443 459 1510 Ouidio
493 1444 663 1525 depromtas
690 1463 758 1506 esse
786 1442 1023 1506 concludendum
1051 1451 1105 1504 est.

141 1527 277 1607 lldrtllng
301 1530 410 1609 (Dictys
432 1530 493 1590 und
515 1531 609 1591 Dares
626 1527 717 1606 1874)
734 1528 929 1590 Benedictum
945 1528 981 1589 dc
997 1528 1105 1589 Sancto

141 1613 244 1674 Mauro
274 1611 389 1693 (Dcnoit
411 1613 448 1674 de
471 1613 514 1675 St.
538 1613 651 1692 Maure)
679 1621 798 1692 poetam
828 1612 973 1674 Gallicum
1002 1620 1106 1673 nostro

143 1696 263 1773 eilberto
286 1715 379 1775 paene
401 1697 554 1777 aequalem
576 1700 635 1760 alio
657 1698 785 1778 quodam
808 1697 916 1759 Darete
937 1698 1032 1776 magis
1055 1715 1105 1757 ex·

143 1791 229 1843 tenso
261 1783 292 1841 in
325 1784 456 1843 carmine
488 1802 543 1845 suo
575 1784 612 1844 de
645 1781 724 1844 bello
757 1782 888 1862 Trojano
919 1800 1005 1843 usum
1039 1800 1105 1842 esse

142 1867 302 1927 eilstimat.
346 1867 440 1928 Nimis
473 1868 623 1929 credimus
656 1869 882 1946 perspicaciter:
914 1883 983 1928 nam
1016 1870 1106 1927 etiam

142 1958 243 2011 noster
270 1950 419 2049 supplevit
451 1970 526 2032 quae
557 1952 660 2013 deesse
693 1950 884 2021 videbantur,
913 1958 1106 2030 quapropter,

143 2053 212 2095 cum
241 2037 331 2097 simili
360 2037 450 2097 modo
478 2036 657 2098 Benedictus
680 2038 775 2114 egisse
797 2036 947 2111 videatur,
978 2054 1012 2095 ea
1035 2052 1104 2095 con·

139 2118 257 2198 jectura
280 2138 340 2181 nou
362 2139 438 2200 opus
461 2129 514 2190 est,
538 2130 572 2184 ut
593 2127 623 2181 et
638 2122 816 2183 norissimus
830 2121 985 2182 Benedicti
1000 2119 1105 2187 editor,

141 2201 209 2283 Joly
243 2223 308 2266 eam
341 2213 469 2284 reputat.
522 2205 586 2266 Duo
614 2213 731 2267 exstant
765 2205 883 2266 codices
914 2204 1107 2283 manuscripti

142 2288 250 2349 Graeci
279 2289 315 2349 de
344 2288 422 2349 bello
450 2289 595 2369 Trojano,
631 2292 682 2369 qui
710 2308 778 2350 cum
809 2289 914 2350 Darete
943 2290 1106 2351 cohaerere

141 2373 280 2434 videntur
309 2373 360 2433 sed
388 2375 480 2443 laiso,
508 2393 575 2434 nam
604 2374 677 2435 Cod.
704 2374 796 2433 Paris.
824 2374 893 2433 olim
915 2369 999 2434 3352
1027 2390 1107 2432 nunc

145 2454 229 2518 7878
251 2461 283 2518 in
305 2454 328 2517 4
350 2462 482 2519 continet
503 2461 672 2520 versionem
696 2459 837 2519 Graecam
861 2455 930 2517 libri
952 2456 1050 2534 gallici
1070 2455 1106 2516 de

147 2543 267 2603 excidio
289 2542 395 2621 Trojae
412 2544 535 2620 (Roman
558 2544 595 2603 de
609 2541 637 2602 la
661 2542 844 2602 destruction
867 2543 905 2602 de
920 2542 1028 2620 Troye.
1052 2541 1106 2602 cl.

146 2626 220 2686 Hist.
249 2626 308 2687 litt.
336 2627 373 2688 de
400 2629 515 2689 France
549 2628 582 2689 T.
611 2625 678 2687 Xlll
707 2645 738 2705 p.
765 2622 829 2687 423
849 2629 924 2707 sqq.)
951 2637 981 2687 et
1009 2625 1107 2687 Codex

144 2710 334 2771 Vindobonn.
376 2712 541 2789 (Lambecc.
576 2711 730 2773 CCXCVII.
754 2710 857 2772 Nessel
883 2710 1027 2787 CCXLlVl
1055 2708 1107 2771 lol.

144 2791 317 2855 atto-324
338 2810 458 2858 carmen
482 2792 628 2859 Graecum
650 2790 671 2874 ἡ
701 2792 843 2874 Τρωάδα
865 2805 897 2856 ut
917 2796 1005 2857 docet
1021 2795 1107 2872 Wag-

145 2897 202 2939 ner
234 2882 265 2938 in
297 2882 483 2959 praelatione
512 2883 678 2941 carminum
706 2881 889 2941 Graecorum
916 2880 1007 2940 medii
1034 2880 1107 2940 aeri.

144 2964 258 3024 Neuter
280 2965 410 3027 innotuit
421 2965 543 3027 lllberto
566 2975 678 3034 nostro,
702 2964 786 3043 cujus
808 2968 896 3026 etiam
913 2966 1046 3025 notitiam
1063 2964 1076 3022 l
1096 2997 1107 3007 ·

144 3050 188 3125 git
210 3048 334 3110 heroico
356 3060 459 3111 metro·
475 3054 659 3126 conrpositus
683 3049 789 3117 Dares,
813 3052 863 3128 qui
886 3057 1053 3110 asservatus
1075 3051 1108 3108 iu

144 3131 248 3194 codice
275 3134 404 3195 Parisin.
432 3134 493 3211 (lat.
516 3132 601 3195 8430
622 3134 673 3195 iol.
698 3132 821 3196 9-l'ol.
848 3130 896 3208 16)
920 3130 983 3194 930
1005 3151 1106 3193 versus

145 3218 286 3278 continet.
331 3218 397 3298 Joly
419 3236 448 3296 p.
474 3217 534 3280 156
556 3220 687 3280 initium:

71 3329 75 3336 ’
188 3335 347 3398 Historiam
370 3335 459 3416 'lroje
482 3338 621 3415 figmenta
644 3338 759 3419 poetica
783 3334 914 3397 turbant.

188 3419 281 3490 Unde,
305 3421 375 3483 licet
398 3424 512 3500 magnis
534 3422 653 3483 iortuna
676 3424 715 3483 sit
738 3421 834 3481 invida
857 3420 951 3498 ceptis

188 3503 339 3586 Dignaque
361 3515 421 3568 tarn
444 3506 539 3585 longis
562 3525 620 3566 non
641 3508 680 3566 sit
701 3524 766 3567 mea
790 3504 914 3566 buccina
936 3502 1033 3578 bellis,
