2509 3917
517 190 580 240 Lib.
598 190 635 243 11.
669 205 696 245 v.
715 191 860 242 rto-soa.

435 386 584 443 HECTOR
600 385 742 442 ARGUIT
760 386 938 447 PARIDEM.

203 526 305 587 Tironi
327 544 466 588 croceum
490 525 628 606 linquens
649 530 765 587 Aurora
787 525 888 587 cubile
1123 539 1172 586 775
1237 538 1239 639 p

244 611 324 673 Luce
347 610 554 689 smaragdinea
575 610 746 671 laetificavit
767 609 901 671 humum.

202 696 313 756 ilector
335 704 365 756 et
385 698 501 756 Aeneas
523 695 699 774 procedunt,
723 694 767 754 ala
790 693 938 765 Quiritum
1235 644 1239 845 ⁴

244 778 452 859 Subsequitur,
475 781 610 859 sequitur
631 786 694 839 tnta
713 776 834 855 juventa
856 779 1019 857 Phrygum.

201 863 329 925 Pulcher
350 863 518 925 Alexander
541 865 631 924 etiam
653 865 825 941 capitaneus
847 869 924 924 astat

246 948 339 1028 liujus
360 949 457 1026 imago
480 945 549 1008 mali
572 956 655 1008 certa
676 948 762 1007 ruina
785 945 874 1017 boni;
1121 958 1171 1008 700

201 1032 291 1110 Cujus
313 1041 359 1093 tot
380 1050 539 1112 procerum
563 1032 711 1093 transfixit
732 1028 808 1090 colla
830 1029 931 1092 libido.
1235 1038 1239 1181 Ι

243 1114 300 1177 Tot
320 1117 408 1188 mala,
432 1126 477 1178 tot
499 1126 612 1176 mortes
635 1115 709 1176 lecit
729 1115 849 1194 iniquus
870 1134 965 1176 amor.

200 1202 241 1262 0!
264 1202 389 1271 utinam,
412 1210 484 1262 tunc
506 1217 573 1261 oum
597 1199 821 1260 Lacedaemona
843 1201 937 1261 classe
960 1199 1094 1278 petebat,

244 1284 375 1346 Obrutus
397 1285 510 1346 insanis
532 1283 582 1344 ille
604 1284 711 1344 luisset
732 1285 829 1359 aquis.

201 1371 288 1430 Esset
310 1368 456 1431 adulterio
477 1367 633 1447 praeclara
655 1370 758 1428 nociva
781 1366 875 1428 libido
1117 1378 1168 1428 700

240 1453 456 1532 Mansissetque
478 1452 541 1513 viro
563 1451 693 1512 foemina
715 1452 772 1512 lida
795 1471 859 1520 suo,

199 1537 260 1599 Nec
283 1539 498 1600 successissent
518 1534 678 1596 homicidia
700 1543 791 1603 70070,
814 1553 871 1595 000
892 1535 976 1598 orbis

242 1622 295 1682 llis
317 1624 396 1683 toret
417 1620 543 1681 aillictus
564 1620 669 1681 Martis
691 1636 793 1680 amore
816 1620 900 1688 mali;

101 1743 110 1751 ·
201 1706 259 1766 Sed
283 1724 338 1766 nec
361 1708 392 1765 in
414 1706 539 1765 historia
561 1701 691 1782 Trojano
713 1712 758 1763 tot
779 1704 909 1765 vitiasset
1159 1741 1162 1745 -

241 1787 329 1848 Nullo
350 1787 486 1867 subjecto
508 1787 609 1849 iabula
631 1786 705 1849 lulta
727 1786 833 1849 libros.
1116 1791 1166 1846 700

199 1873 275 1934 Urbs
296 1872 441 1952 populosa
463 1880 562 1932 700700
586 1872 676 1933 hodie
698 1874 824 1933 lortasse
844 1880 989 1942 maneret,

239 1956 412 2037 Praecepto,
436 1956 567 2018 Priame!
589 1958 615 2017 si
636 1957 716 2018 foret
737 1973 791 2017 usa
813 1964 875 2018 tuo.

198 2041 368 2102 Occurrunt
390 2040 493 2110 Danai,
515 2039 668 2102 Menelaus
689 2043 720 2100 70
744 2042 864 2118 agmine
884 2041 1001 2120 primus

239 2125 412 2186 instaurans
434 2128 517 2187 acies
538 2124 616 2185 bella
639 2125 784 2185 movenda
806 2131 916 2186 monet.

196 2210 295 2270 Portis
318 2217 347 2269 07
368 2227 438 2270 0000
460 2217 536 2283 0007,
557 2209 673 2269 variare
694 2208 824 2269 labantia
847 2209 938 2270 corda
1116 2218 1165 2267 700
1237 2274 1238 2277 ¹

238 2292 378 2365 Noverat,
401 2293 481 2356 lraud
503 2293 755 2372 lugiensltostica
776 2302 861 2370 terga
881 2294 976 2371 lugat.
1237 2306 1238 2313 ¹

197 2379 331 2440 llivalem
354 2381 503 2458 patienter
526 2376 625 2448 babet,
649 2392 743 2455 prope
764 2376 893 2457 denique
915 2375 1027 2454 stabat3

238 2462 304 2523 Non
327 2461 406 2532 livet,
429 2461 555 2531 mordet,
578 2461 690 2523 lumina
713 2469 797 2522 torva
819 2469 912 2522 tenet.

194 2549 237 2605 ad
261 2548 359 2607 socios
382 2546 535 2608 vibrando'
549 2555 640 2623 eaput
661 2563 693 2605 se
717 2547 803 2606 vertit
824 2544 943 2614 acerbe,

237 2629 400 2710 Tamquam
422 2629 459 2690 de
481 2637 566 2709 rapta
589 2627 717 2707 conjuge
740 2629 828 2689 verba
852 2629 946 2690 daret
1111 2637 1165 2687 000

195 2716 337 2774 Conscius
359 2716 424 2792 ipse
445 2713 503 2773 sibi
525 2713 563 2773 de
585 2732 618 2774 se
640 2720 726 2792 putat
746 2714 845 2774 omnia
868 2712 927 2773 dici

238 2797 273 2856 Et
297 2797 372 2876 pede
395 2797 573 2875 retrogrado
595 2800 681 2875 tingit
703 2797 787 2858 abire
809 2797 905 2878 quasi.

262 3066 320 3115 775.
347 3070 391 3114 007
420 3065 495 3130 Virg.
525 3065 593 3115 Aen.
613 3064 663 3129 IV,
681 3066 741 3118 585.
766 3065 819 3124 lx,
840 3066 900 3119 too.
923 3064 1025 3129 Georg.
1049 3066 1075 3115 1.
1102 3068 1162 3116 447.
1236 3056 1237 3093 1

194 3133 252 3182 776.
272 3132 384 3196 Margo:
403 3131 501 3196 Pugna
518 3131 624 3196 quinta.
660 3133 693 3182 In
715 3147 768 3196 qua
785 3131 929 3183 Menelaus
947 3136 976 3182 07
993 3133 1162 3199 Alexander,

193 3200 241 3263 qui
259 3197 351 3248 dictae
370 3205 414 3250 007
431 3198 524 3259 Ρο070,
548 3198 763 3263 congrediuntur
780 3206 810 3249 07
827 3199 973 3250 Menelaus
989 3199 1160 3253 vulneratur.
1236 3212 1237 3263 j

192 3267 251 3318 783.
269 3267 311 3317 84.
338 3265 433 3316 Ovidii
458 3265 571 3315 Heroid.
596 3266 620 3328 1,
639 3269 663 3327 ὃ,
680 3267 706 3315 6.
736 3266 782 3316 ubi
810 3272 917 3317 tamen:
949 3273 1025 3317 00007
1051 3265 1162 3318 adulter
1236 3314 1237 3323 ,

192 3333 283 3399 aquis.
368 3334 426 3385 786.
461 3334 529 3384 viro.
551 3333 628 3395 0700,
655 3348 707 3386 uos
733 3335 794 3384 viro
816 3349 876 3387 auo.
962 3336 1021 3387 788.
1056 3349 1160 3385 amare.
1236 3332 1237 3387 l

191 3404 250 3455 792.
274 3403 385 3465 Margo:
408 3400 590 3464 Praeceptum
607 3400 711 3450 Priami
729 3401 785 3451 fuit
801 3408 833 3451 07
849 3400 998 3452 traditores
1016 3402 1096 3454 urbis
1116 3417 1162 3452 oc·
1236 3390 1237 3425 ¹

192 3468 358 3519 ciderentnr.
411 3469 468 3518 794.
482 3466 540 3520 cod.
559 3467 703 3521 monenda.
754 3469 814 3519 sot.
834 3467 930 3520 Catou.
950 3468 1073 3521 Diasion.
1085 3468 1161 3533 Ι,17.
1236 3468 1237 3559 l
