<?xml version="1.0" encoding="UTF-8"?>
<!DOCTYPE html PUBLIC "-//W3C//DTD XHTML 1.0 Transitional//EN"
    "http://www.w3.org/TR/xhtml1/DTD/xhtml1-transitional.dtd">
<html xmlns="http://www.w3.org/1999/xhtml" xml:lang="en" lang="en">
 <head>
  <title>
</title>
<meta http-equiv="Content-Type" content="text/html;charset=utf-8" />
  <meta name='ocr-system' content='tesseract 3.04.00' />
  <meta name='ocr-capabilities' content='ocr_page ocr_carea ocr_par ocr_line ocrx_word'/>
</head>
<body>
  <div class='ocr_page' id='page_1' title='image "./troilus00albegoog_0045.png"; bbox 0 0 2509 3917; ppageno 0'>
   <div class='ocr_carea' id='block_1_1' title="bbox 425 214 1067 283">
    <p class='ocr_par' dir='ltr' id='par_1_1' title="bbox 425 214 1067 283">
     <span class='ocr_line' id='line_1_1' title="bbox 425 214 1067 283; baseline 0.02 -16"><span class='ocrx_word' id='word_1_1' title='bbox 425 214 501 283; x_wconf 47' lang='grc'><strong>0333</strong></span> <span class='ocrx_word' id='word_1_2' title='bbox 504 216 526 269; x_wconf 91' lang='lat'>1.</span> <span class='ocrx_word' id='word_1_3' title='bbox 561 232 587 272; x_wconf 80' lang='lat' dir='ltr'>v.</span> <span class='ocrx_word' id='word_1_4' title='bbox 605 217 749 272; x_wconf 78' lang='lat' dir='ltr'>aro-ate.</span> <span class='ocrx_word' id='word_1_5' title='bbox 1026 215 1067 279; x_wconf 77' lang='lat'>21</span> 
     </span>
    </p>
   </div>
   <div class='ocr_carea' id='block_1_2' title="bbox 20 369 1068 788">
    <p class='ocr_par' dir='ltr' id='par_1_2' title="bbox 20 369 1068 788">
     <span class='ocr_line' id='line_1_2' title="bbox 96 369 961 449; baseline -0.005 -14"><span class='ocrx_word' id='word_1_6' title='bbox 96 371 211 436; x_wconf 87' lang='lat' dir='ltr'>Laetus</span> <span class='ocrx_word' id='word_1_7' title='bbox 232 370 264 429; x_wconf 90' lang='lat' dir='ltr'>in</span> <span class='ocrx_word' id='word_1_8' title='bbox 287 386 369 430; x_wconf 91' lang='lat' dir='ltr'>arma</span> <span class='ocrx_word' id='word_1_9' title='bbox 393 372 460 430; x_wconf 88' lang='lat' dir='ltr'>veni</span> <span class='ocrx_word' id='word_1_10' title='bbox 482 387 538 430; x_wconf 90' lang='lat' dir='ltr'>nec</span> <span class='ocrx_word' id='word_1_11' title='bbox 561 369 671 444; x_wconf 86' lang='lat' dir='ltr'>lentus,</span> <span class='ocrx_word' id='word_1_12' title='bbox 694 387 812 449; x_wconf 86' lang='lat' dir='ltr'><strong>semper</strong></span> <span class='ocrx_word' id='word_1_13' title='bbox 833 371 866 430; x_wconf 92' lang='lat' dir='ltr'>in</span> <span class='ocrx_word' id='word_1_14' title='bbox 889 370 961 441; x_wconf 91' lang='lat' dir='ltr'>istis,</span> 
     </span>
     <span class='ocr_line' id='line_1_3' title="bbox 144 452 1068 533; baseline -0.003 -17"><span class='ocrx_word' id='word_1_15' title='bbox 144 456 176 516; x_wconf 92' lang='lat' dir='ltr'>Si</span> <span class='ocrx_word' id='word_1_16' title='bbox 197 453 275 517; x_wconf 89' lang='lat' dir='ltr'>hene</span> <span class='ocrx_word' id='word_1_17' title='bbox 297 461 326 514; x_wconf 91' lang='lat' dir='ltr'>te</span> <span class='ocrx_word' id='word_1_18' title='bbox 349 454 425 523; x_wconf 86' lang='lat' dir='ltr'>novi,</span> <span class='ocrx_word' id='word_1_19' title='bbox 449 471 533 515; x_wconf 90' lang='lat' dir='ltr'>mens</span> <span class='ocrx_word' id='word_1_20' title='bbox 555 462 619 515; x_wconf 86' lang='lat' dir='ltr'>erat</span> <span class='ocrx_word' id='word_1_21' title='bbox 642 461 711 533; x_wconf 90' lang='lat' dir='ltr'>apta</span> <span class='ocrx_word' id='word_1_22' title='bbox 732 452 796 515; x_wconf 89' lang='lat' dir='ltr'>tibi.</span> <span class='ocrx_word' id='word_1_23' title='bbox 1016 462 1068 514; x_wconf 79' lang='grc'>310</span> 
     </span>
     <span class='ocr_line' id='line_1_4' title="bbox 99 538 879 617; baseline -0.005 -16"><span class='ocrx_word' id='word_1_24' title='bbox 99 538 188 612; x_wconf 83' lang='grc'><strong>0000</strong></span> <span class='ocrx_word' id='word_1_25' title='bbox 210 546 261 601; x_wconf 85' lang='grc'>103</span> <span class='ocrx_word' id='word_1_26' title='bbox 284 546 313 599; x_wconf 89' lang='grc'>13</span> <span class='ocrx_word' id='word_1_27' title='bbox 335 540 430 599; x_wconf 91' lang='lat' dir='ltr'>virtus</span> <span class='ocrx_word' id='word_1_28' title='bbox 453 540 534 599; x_wconf 88' lang='lat' dir='ltr'>iuvet</span> <span class='ocrx_word' id='word_1_29' title='bbox 557 546 587 600; x_wconf 94' lang='lat' dir='ltr'>et</span> <span class='ocrx_word' id='word_1_30' title='bbox 609 540 765 617; x_wconf 78' lang='lat' dir='ltr'><strong>sapientia,</strong></span> <span class='ocrx_word' id='word_1_31' title='bbox 789 538 879 600; x_wconf 92' lang='lat' dir='ltr'>credo</span> 
     </span>
     <span class='ocr_line' id='line_1_5' title="bbox 20 619 759 704; baseline -0.001 -20"><span class='ocrx_word' id='word_1_32' title='bbox 20 683 21 690; x_wconf 68' lang='grc'>,</span> <span class='ocrx_word' id='word_1_33' title='bbox 141 624 245 704; x_wconf 74' lang='lat' dir='ltr'>Turpe</span> <span class='ocrx_word' id='word_1_34' title='bbox 266 641 323 685; x_wconf 91' lang='lat' dir='ltr'>uec</span> <span class='ocrx_word' id='word_1_35' title='bbox 345 630 390 684; x_wconf 91' lang='lat' dir='ltr'>est</span> <span class='ocrx_word' id='word_1_36' title='bbox 411 622 464 684; x_wconf 92' lang='lat' dir='ltr'>tali</span> <span class='ocrx_word' id='word_1_37' title='bbox 485 619 661 684; x_wconf 77' lang='lat' dir='ltr'>credulitate</span> <span class='ocrx_word' id='word_1_38' title='bbox 684 624 759 700; x_wconf 84' lang='lat' dir='ltr'>capi.</span> 
     </span>
     <span class='ocr_line' id='line_1_6' title="bbox 20 707 850 788; baseline -0.002 -17"><span class='ocrx_word' id='word_1_39' title='bbox 20 711 22 754; x_wconf 88' lang='grc' dir='ltr'>ἶ</span> <span class='ocrx_word' id='word_1_40' title='bbox 98 709 226 788; x_wconf 81' lang='lat' dir='ltr'>Saepius</span> <span class='ocrx_word' id='word_1_41' title='bbox 248 717 405 787; x_wconf 86' lang='lat' dir='ltr'>expertum</span> <span class='ocrx_word' id='word_1_42' title='bbox 428 707 499 769; x_wconf 81' lang='lat' dir='ltr'>iacit</span> <span class='ocrx_word' id='word_1_43' title='bbox 520 708 703 788; x_wconf 75' lang='lat' dir='ltr'>experientia</span> <span class='ocrx_word' id='word_1_44' title='bbox 726 719 850 779; x_wconf 82' lang='lat' dir='ltr'>certum,</span> 
     </span>
    </p>
   </div>
   <div class='ocr_carea' id='block_1_3' title="bbox 20 792 1070 2903">
    <p class='ocr_par' dir='ltr' id='par_1_3' title="bbox 20 792 1070 2903">
     <span class='ocr_line' id='line_1_7' title="bbox 142 792 992 859; baseline -0.004 -4"><span class='ocrx_word' id='word_1_45' title='bbox 142 793 187 855; x_wconf 81' lang='lat' dir='ltr'>Ad</span> <span class='ocrx_word' id='word_1_46' title='bbox 210 809 313 854; x_wconf 91' lang='lat' dir='ltr'>causas</span> <span class='ocrx_word' id='word_1_47' title='bbox 335 800 422 855; x_wconf 88' lang='lat' dir='ltr'>notas</span> <span class='ocrx_word' id='word_1_48' title='bbox 443 800 489 854; x_wconf 90' lang='lat' dir='ltr'>est</span> <span class='ocrx_word' id='word_1_49' title='bbox 510 792 648 854; x_wconf 88' lang='lat' dir='ltr'>dubitare</span> <span class='ocrx_word' id='word_1_50' title='bbox 670 793 763 859; x_wconf 77' lang='lat' dir='ltr'>nefas.</span> <span class='ocrx_word' id='word_1_51' title='bbox 988 843 992 852; x_wconf 87' lang='lat'>.</span> 
     </span>
     <span class='ocr_line' id='line_1_8' title="bbox 20 872 1067 955; baseline -0.005 -15"><span class='ocrx_word' id='word_1_52' title='bbox 20 872 25 879; x_wconf 78' lang='grc'><strong>’</strong></span> <span class='ocrx_word' id='word_1_53' title='bbox 96 879 220 949; x_wconf 87' lang='lat' dir='ltr'>Laetus,</span> <span class='ocrx_word' id='word_1_54' title='bbox 244 877 292 946; x_wconf 92' lang='lat' dir='ltr'>ait,</span> <span class='ocrx_word' id='word_1_55' title='bbox 316 877 449 946; x_wconf 88' lang='lat' dir='ltr'>veniam;</span> <span class='ocrx_word' id='word_1_56' title='bbox 472 895 528 938; x_wconf 83' lang='lat' dir='ltr'>noc</span> <span class='ocrx_word' id='word_1_57' title='bbox 550 896 598 942; x_wconf 90' lang='lat' dir='ltr'>me</span> <span class='ocrx_word' id='word_1_58' title='bbox 621 874 707 938; x_wconf 86' lang='lat' dir='ltr'>labor</span> <span class='ocrx_word' id='word_1_59' title='bbox 728 876 777 937; x_wconf 89' lang='lat' dir='ltr'>ille</span> <span class='ocrx_word' id='word_1_60' title='bbox 799 876 943 955; x_wconf 82' lang='lat' dir='ltr'>gravabit.</span> <span class='ocrx_word' id='word_1_61' title='bbox 1017 885 1067 936; x_wconf 79' lang='grc'>305</span> 
     </span>
     <span class='ocr_line' id='line_1_9' title="bbox 140 961 841 1025; baseline -0.003 0"><span class='ocrx_word' id='word_1_62' title='bbox 140 964 237 1025; x_wconf 85' lang='grc' dir='ltr'><strong>Μ3100</strong></span> <span class='ocrx_word' id='word_1_63' title='bbox 260 961 296 1022; x_wconf 89' lang='lat' dir='ltr'>ab</span> <span class='ocrx_word' id='word_1_64' title='bbox 320 964 420 1023; x_wconf 86' lang='lat' dir='ltr'>occiso</span> <span class='ocrx_word' id='word_1_65' title='bbox 442 979 527 1023; x_wconf 90' lang='lat' dir='ltr'>mens</span> <span class='ocrx_word' id='word_1_66' title='bbox 548 961 623 1023; x_wconf 90' lang='lat' dir='ltr'>mihi</span> <span class='ocrx_word' id='word_1_67' title='bbox 646 962 756 1022; x_wconf 90' lang='lat' dir='ltr'>crescit</span> <span class='ocrx_word' id='word_1_68' title='bbox 778 979 841 1023; x_wconf 85' lang='lat' dir='ltr'>avo.</span> 
     </span>
     <span class='ocr_line' id='line_1_10' title="bbox 96 1045 882 1126; baseline -0.003 -17"><span class='ocrx_word' id='word_1_69' title='bbox 96 1046 247 1110; x_wconf 83' lang='lat' dir='ltr'>Provocat</span> <span class='ocrx_word' id='word_1_70' title='bbox 267 1046 416 1126; x_wconf 77' lang='lat' dir='ltr'>Hesyone,</span> <span class='ocrx_word' id='word_1_71' title='bbox 438 1045 565 1126; x_wconf 88' lang='lat' dir='ltr'>praedae</span> <span class='ocrx_word' id='word_1_72' title='bbox 588 1046 735 1115; x_wconf 89' lang='lat' dir='ltr'>violentia,</span> <span class='ocrx_word' id='word_1_73' title='bbox 758 1052 882 1124; x_wconf 81' lang='lat' dir='ltr'>strages,</span> 
     </span>
     <span class='ocr_line' id='line_1_11' title="bbox 141 1130 863 1211; baseline -0.001 -18"><span class='ocrx_word' id='word_1_74' title='bbox 141 1133 291 1211; x_wconf 86' lang='lat' dir='ltr'>Multaque</span> <span class='ocrx_word' id='word_1_75' title='bbox 315 1149 391 1210; x_wconf 90' lang='lat' dir='ltr'>quae</span> <span class='ocrx_word' id='word_1_76' title='bbox 413 1133 508 1191; x_wconf 80' lang='lat' dir='ltr'>nostri</span> <span class='ocrx_word' id='word_1_77' title='bbox 530 1131 701 1193; x_wconf 85' lang='lat' dir='ltr'>sustinuere</span> <span class='ocrx_word' id='word_1_78' title='bbox 723 1130 863 1211; x_wconf 75' lang='lat' dir='ltr'>Phryges,</span> 
     </span>
     <span class='ocr_line' id='line_1_12' title="bbox 98 1215 929 1297; baseline -0.001 -20"><span class='ocrx_word' id='word_1_79' title='bbox 98 1216 131 1277; x_wconf 90' lang='lat' dir='ltr'>Si</span> <span class='ocrx_word' id='word_1_80' title='bbox 153 1215 262 1297; x_wconf 91' lang='lat' dir='ltr'>placet,</span> <span class='ocrx_word' id='word_1_81' title='bbox 284 1215 351 1287; x_wconf 89' lang='lat' dir='ltr'>ihu;</span> <span class='ocrx_word' id='word_1_82' title='bbox 375 1215 445 1277; x_wconf 90' lang='lat' dir='ltr'>licet</span> <span class='ocrx_word' id='word_1_83' title='bbox 465 1215 540 1276; x_wconf 91' lang='lat' dir='ltr'>mihi</span> <span class='ocrx_word' id='word_1_84' title='bbox 563 1233 618 1276; x_wconf 89' lang='lat' dir='ltr'>nec</span> <span class='ocrx_word' id='word_1_85' title='bbox 640 1215 797 1296; x_wconf 90' lang='lat' dir='ltr'>prudentia</span> <span class='ocrx_word' id='word_1_86' title='bbox 821 1215 929 1277; x_wconf 91' lang='lat' dir='ltr'>mentis</span> 
     </span>
     <span class='ocr_line' id='line_1_13' title="bbox 141 1299 1069 1380; baseline -0.003 -16"><span class='ocrx_word' id='word_1_87' title='bbox 141 1301 205 1364; x_wconf 86' lang='lat' dir='ltr'>Nec</span> <span class='ocrx_word' id='word_1_88' title='bbox 227 1299 302 1362; x_wconf 90' lang='lat' dir='ltr'>mihi</span> <span class='ocrx_word' id='word_1_89' title='bbox 324 1302 363 1362; x_wconf 91' lang='lat' dir='ltr'>sit</span> <span class='ocrx_word' id='word_1_90' title='bbox 384 1301 476 1362; x_wconf 87' lang='lat' dir='ltr'>virtus</span> <span class='ocrx_word' id='word_1_91' title='bbox 498 1303 643 1380; x_wconf 89' lang='lat' dir='ltr'>corporis,</span> <span class='ocrx_word' id='word_1_92' title='bbox 667 1300 718 1361; x_wconf 89' lang='lat' dir='ltr'>ibo</span> <span class='ocrx_word' id='word_1_93' title='bbox 741 1307 850 1365; x_wconf 86' lang='lat' dir='ltr'>tamen.</span> <span class='ocrx_word' id='word_1_94' title='bbox 1017 1309 1069 1361; x_wconf 89' lang='grc'>330</span> 
     </span>
     <span class='ocr_line' id='line_1_14' title="bbox 97 1385 893 1466; baseline -0.004 -19"><span class='ocrx_word' id='word_1_95' title='bbox 97 1385 183 1458; x_wconf 89' lang='lat' dir='ltr'>Quae</span> <span class='ocrx_word' id='word_1_96' title='bbox 204 1394 310 1466; x_wconf 93' lang='lat' dir='ltr'>potero</span> <span class='ocrx_word' id='word_1_97' title='bbox 332 1386 446 1455; x_wconf 79' lang='lat' dir='ltr'>faciam,</span> <span class='ocrx_word' id='word_1_98' title='bbox 469 1385 522 1447; x_wconf 87' lang='grc'>330</span> <span class='ocrx_word' id='word_1_99' title='bbox 544 1385 771 1464; x_wconf 86' lang='lat' dir='ltr'>praemeditatio</span> <span class='ocrx_word' id='word_1_100' title='bbox 793 1402 893 1446; x_wconf 86' lang='lat' dir='ltr'>rerum</span> 
     </span>
     <span class='ocr_line' id='line_1_15' title="bbox 140 1468 836 1549; baseline -0.006 -16"><span class='ocrx_word' id='word_1_101' title='bbox 140 1471 239 1549; x_wconf 86' lang='lat' dir='ltr'>Saepe</span> <span class='ocrx_word' id='word_1_102' title='bbox 261 1468 341 1531; x_wconf 92' lang='lat' dir='ltr'>bono</span> <span class='ocrx_word' id='word_1_103' title='bbox 364 1480 482 1531; x_wconf 86' lang='lat' dir='ltr'>causam</span> <span class='ocrx_word' id='word_1_104' title='bbox 506 1470 647 1531; x_wconf 88' lang='lat' dir='ltr'>claudere</span> <span class='ocrx_word' id='word_1_105' title='bbox 669 1470 727 1531; x_wconf 86' lang='lat' dir='ltr'>tine</span> <span class='ocrx_word' id='word_1_106' title='bbox 750 1469 836 1529; x_wconf 89' lang='lat' dir='ltr'>solet.</span> 
     </span>
     <span class='ocr_line' id='line_1_16' title="bbox 96 1552 848 1635; baseline -0.001 -20"><span class='ocrx_word' id='word_1_107' title='bbox 96 1552 288 1634; x_wconf 88' lang='lat' dir='ltr'>Principium</span> <span class='ocrx_word' id='word_1_108' title='bbox 311 1556 460 1635; x_wconf 84' lang='lat' dir='ltr'>finemque</span> <span class='ocrx_word' id='word_1_109' title='bbox 483 1558 529 1616; x_wconf 90' lang='lat' dir='ltr'>rei</span> <span class='ocrx_word' id='word_1_110' title='bbox 551 1554 711 1633; x_wconf 88' lang='lat' dir='ltr'>prudentia</span> <span class='ocrx_word' id='word_1_111' title='bbox 733 1560 848 1634; x_wconf 91' lang='lat' dir='ltr'>spectat</span> 
     </span>
     <span class='ocr_line' id='line_1_17' title="bbox 52 1637 779 1717; baseline 0.006 -23"><span class='ocrx_word' id='word_1_112' title='bbox 52 1684 55 1694; x_wconf 91' lang='lat'>.</span> <span class='ocrx_word' id='word_1_113' title='bbox 141 1638 199 1710; x_wconf 86' lang='lat' dir='ltr'>Qui</span> <span class='ocrx_word' id='word_1_114' title='bbox 222 1640 312 1699; x_wconf 93' lang='lat' dir='ltr'>nimis</span> <span class='ocrx_word' id='word_1_115' title='bbox 335 1647 379 1699; x_wconf 91' lang='lat' dir='ltr'>est</span> <span class='ocrx_word' id='word_1_116' title='bbox 400 1646 483 1702; x_wconf 91' lang='lat' dir='ltr'>tutus</span> <span class='ocrx_word' id='word_1_117' title='bbox 505 1639 579 1700; x_wconf 88' lang='lat' dir='ltr'>retia</span> <span class='ocrx_word' id='word_1_118' title='bbox 601 1637 667 1717; x_wconf 86' lang='lat' dir='ltr'>jure</span> <span class='ocrx_word' id='word_1_119' title='bbox 690 1637 779 1699; x_wconf 85' lang='lat' dir='ltr'>subit.</span> 
     </span>
     <span class='ocr_line' id='line_1_18' title="bbox 97 1723 1066 1807; baseline -0.005 -22"><span class='ocrx_word' id='word_1_120' title='bbox 97 1725 166 1796; x_wconf 86' lang='lat' dir='ltr'>Non</span> <span class='ocrx_word' id='word_1_121' title='bbox 190 1730 237 1785; x_wconf 91' lang='lat' dir='ltr'>est</span> <span class='ocrx_word' id='word_1_122' title='bbox 258 1726 359 1802; x_wconf 82' lang='lat' dir='ltr'>ignota</span> <span class='ocrx_word' id='word_1_123' title='bbox 381 1741 443 1784; x_wconf 89' lang='lat' dir='ltr'>res:</span> <span class='ocrx_word' id='word_1_124' title='bbox 467 1731 513 1785; x_wconf 91' lang='lat' dir='ltr'>est</span> <span class='ocrx_word' id='word_1_125' title='bbox 534 1725 679 1807; x_wconf 86' lang='lat' dir='ltr'>sapientia</span> <span class='ocrx_word' id='word_1_126' title='bbox 703 1723 834 1793; x_wconf 86' lang='lat' dir='ltr'>Graecis,</span> <span class='ocrx_word' id='word_1_127' title='bbox 1015 1731 1066 1781; x_wconf 83' lang='lat'>335</span> 
     </span>
     <span class='ocr_line' id='line_1_19' title="bbox 141 1806 813 1888; baseline -0.006 -17"><span class='ocrx_word' id='word_1_128' title='bbox 141 1808 280 1871; x_wconf 80' lang='lat' dir='ltr'>Consiliis</span> <span class='ocrx_word' id='word_1_129' title='bbox 302 1806 427 1879; x_wconf 90' lang='lat' dir='ltr'>inhiant,</span> <span class='ocrx_word' id='word_1_130' title='bbox 451 1827 522 1870; x_wconf 91' lang='lat' dir='ltr'>ense</span> <span class='ocrx_word' id='word_1_131' title='bbox 543 1826 693 1888; x_wconf 86' lang='lat' dir='ltr'>manuque</span> <span class='ocrx_word' id='word_1_132' title='bbox 715 1806 813 1870; x_wconf 86' lang='lat' dir='ltr'>valent</span> 
     </span>
     <span class='ocr_line' id='line_1_20' title="bbox 20 1890 938 1976; baseline -0.001 -22"><span class='ocrx_word' id='word_1_133' title='bbox 20 1933 22 1976; x_wconf 51' lang='lat' dir='ltr'>a</span> <span class='ocrx_word' id='word_1_134' title='bbox 95 1893 239 1954; x_wconf 90' lang='lat' dir='ltr'>Protinus</span> <span class='ocrx_word' id='word_1_135' title='bbox 261 1899 294 1953; x_wconf 92' lang='lat' dir='ltr'>ut</span> <span class='ocrx_word' id='word_1_136' title='bbox 316 1900 450 1955; x_wconf 89' lang='lat' dir='ltr'>nostrum</span> <span class='ocrx_word' id='word_1_137' title='bbox 473 1900 570 1954; x_wconf 86' lang='lat' dir='ltr'>movet</span> <span class='ocrx_word' id='word_1_138' title='bbox 592 1892 652 1954; x_wconf 90' lang='lat' dir='ltr'>iliis</span> <span class='ocrx_word' id='word_1_139' title='bbox 674 1893 795 1953; x_wconf 86' lang='lat' dir='ltr'>dextera</span> <span class='ocrx_word' id='word_1_140' title='bbox 817 1890 938 1963; x_wconf 89' lang='lat' dir='ltr'>bellum,</span> 
     </span>
     <span class='ocr_line' id='line_1_21' title="bbox 141 1977 807 2057; baseline -0.005 -18"><span class='ocrx_word' id='word_1_141' title='bbox 141 1977 211 2039; x_wconf 89' lang='lat' dir='ltr'>Non</span> <span class='ocrx_word' id='word_1_142' title='bbox 233 1985 303 2056; x_wconf 89' lang='lat' dir='ltr'>puto</span> <span class='ocrx_word' id='word_1_143' title='bbox 327 1979 398 2054; x_wconf 89' lang='lat' dir='ltr'>quin</span> <span class='ocrx_word' id='word_1_144' title='bbox 421 1977 522 2057; x_wconf 90' lang='lat' dir='ltr'>plnres</span> <span class='ocrx_word' id='word_1_145' title='bbox 544 1977 725 2040; x_wconf 87' lang='lat' dir='ltr'>auxilientur</span> <span class='ocrx_word' id='word_1_146' title='bbox 748 1978 807 2048; x_wconf 90' lang='lat' dir='ltr'>eis;</span> 
     </span>
     <span class='ocr_line' id='line_1_22' title="bbox 98 2059 841 2142; baseline 0 -19"><span class='ocrx_word' id='word_1_147' title='bbox 98 2063 222 2123; x_wconf 89' lang='lat' dir='ltr'>Vicinos</span> <span class='ocrx_word' id='word_1_148' title='bbox 243 2062 373 2139; x_wconf 91' lang='lat' dir='ltr'>aliosque</span> <span class='ocrx_word' id='word_1_149' title='bbox 396 2063 486 2124; x_wconf 90' lang='lat' dir='ltr'>duces</span> <span class='ocrx_word' id='word_1_150' title='bbox 507 2062 695 2142; x_wconf 91' lang='lat' dir='ltr'>populosque</span> <span class='ocrx_word' id='word_1_151' title='bbox 718 2059 841 2123; x_wconf 90' lang='lat' dir='ltr'>ciebunt</span> 
     </span>
     <span class='ocr_line' id='line_1_23' title="bbox 141 2145 1068 2212; baseline -0.006 -4"><span class='ocrx_word' id='word_1_152' title='bbox 141 2147 314 2208; x_wconf 85' lang='lat' dir='ltr'>Occurrunt</span> <span class='ocrx_word' id='word_1_153' title='bbox 337 2145 423 2208; x_wconf 89' lang='lat' dir='ltr'>nobis</span> <span class='ocrx_word' id='word_1_154' title='bbox 445 2146 476 2206; x_wconf 94' lang='lat' dir='ltr'>hi</span> <span class='ocrx_word' id='word_1_155' title='bbox 500 2147 579 2208; x_wconf 90' lang='lat' dir='ltr'>velut</span> <span class='ocrx_word' id='word_1_156' title='bbox 601 2147 680 2208; x_wconf 90' lang='lat' dir='ltr'>unda</span> <span class='ocrx_word' id='word_1_157' title='bbox 700 2147 802 2212; x_wconf 86' lang='lat' dir='ltr'>maris.</span> <span class='ocrx_word' id='word_1_158' title='bbox 1018 2154 1068 2203; x_wconf 84' lang='grc'>340</span> 
     </span>
     <span class='ocr_line' id='line_1_24' title="bbox 20 2229 834 2310; baseline -0.002 -18"><span class='ocrx_word' id='word_1_159' title='bbox 20 2289 22 2302; x_wconf 26' lang='lat'>1</span> <span class='ocrx_word' id='word_1_160' title='bbox 98 2230 193 2301; x_wconf 79' lang='lat' dir='ltr'>addc,</span> <span class='ocrx_word' id='word_1_161' title='bbox 218 2230 296 2308; x_wconf 89' lang='lat' dir='ltr'>qnod</span> <span class='ocrx_word' id='word_1_162' title='bbox 319 2229 438 2292; x_wconf 89' lang='lat' dir='ltr'>inbellis</span> <span class='ocrx_word' id='word_1_163' title='bbox 460 2250 514 2310; x_wconf 92' lang='lat' dir='ltr'>pro</span> <span class='ocrx_word' id='word_1_164' title='bbox 537 2229 740 2293; x_wconf 85' lang='lat' dir='ltr'>dissuetudine</span> <span class='ocrx_word' id='word_1_165' title='bbox 763 2229 834 2291; x_wconf 89' lang='lat' dir='ltr'>helii</span> 
     </span>
     <span class='ocr_line' id='line_1_25' title="bbox 141 2314 745 2392; baseline -0.005 -15"><span class='ocrx_word' id='word_1_166' title='bbox 141 2316 231 2377; x_wconf 86' lang='lat' dir='ltr'>Extat</span> <span class='ocrx_word' id='word_1_167' title='bbox 252 2314 349 2376; x_wconf 92' lang='lat' dir='ltr'>adhuc</span> <span class='ocrx_word' id='word_1_168' title='bbox 370 2317 450 2385; x_wconf 79' lang='lat' dir='ltr'>Asia,</span> <span class='ocrx_word' id='word_1_169' title='bbox 474 2315 621 2377; x_wconf 85' lang='lat' dir='ltr'>desidiosa</span> <span class='ocrx_word' id='word_1_170' title='bbox 645 2317 745 2392; x_wconf 90' lang='lat' dir='ltr'>quasi;</span> 
     </span>
     <span class='ocr_line' id='line_1_26' title="bbox 99 2399 849 2479; baseline -0.001 -19"><span class='ocrx_word' id='word_1_171' title='bbox 99 2399 168 2460; x_wconf 87' lang='lat' dir='ltr'>Non</span> <span class='ocrx_word' id='word_1_172' title='bbox 191 2399 234 2460; x_wconf 93' lang='lat' dir='ltr'>sic</span> <span class='ocrx_word' id='word_1_173' title='bbox 255 2399 389 2479; x_wconf 85' lang='lat' dir='ltr'>Europa:</span> <span class='ocrx_word' id='word_1_174' title='bbox 412 2417 531 2478; x_wconf 88' lang='lat' dir='ltr'>semper</span> <span class='ocrx_word' id='word_1_175' title='bbox 553 2399 672 2462; x_wconf 85' lang='lat' dir='ltr'>sudavit</span> <span class='ocrx_word' id='word_1_176' title='bbox 692 2403 723 2458; x_wconf 92' lang='lat' dir='ltr'>in</span> <span class='ocrx_word' id='word_1_177' title='bbox 746 2400 849 2467; x_wconf 90' lang='lat' dir='ltr'>armis;</span> 
     </span>
     <span class='ocr_line' id='line_1_27' title="bbox 142 2482 792 2545; baseline 0 -2"><span class='ocrx_word' id='word_1_178' title='bbox 142 2482 254 2545; x_wconf 91' lang='lat' dir='ltr'>Bellica</span> <span class='ocrx_word' id='word_1_179' title='bbox 277 2484 417 2545; x_wconf 91' lang='lat' dir='ltr'>nimirum</span> <span class='ocrx_word' id='word_1_180' title='bbox 440 2484 562 2545; x_wconf 85' lang='lat' dir='ltr'>brachia</span> <span class='ocrx_word' id='word_1_181' title='bbox 584 2482 661 2545; x_wconf 88' lang='lat' dir='ltr'>bella</span> <span class='ocrx_word' id='word_1_182' title='bbox 685 2484 792 2544; x_wconf 86' lang='lat' dir='ltr'>sciunt.</span> 
     </span>
     <span class='ocr_line' id='line_1_28' title="bbox 99 2564 1070 2647; baseline -0.004 -19"><span class='ocrx_word' id='word_1_183' title='bbox 99 2567 178 2628; x_wconf 83' lang='lat' dir='ltr'>Hinc</span> <span class='ocrx_word' id='word_1_184' title='bbox 200 2567 324 2629; x_wconf 88' lang='lat' dir='ltr'>Graecis</span> <span class='ocrx_word' id='word_1_185' title='bbox 345 2567 440 2630; x_wconf 87' lang='lat' dir='ltr'>valida</span> <span class='ocrx_word' id='word_1_186' title='bbox 463 2578 533 2630; x_wconf 89' lang='lat' dir='ltr'>sunt</span> <span class='ocrx_word' id='word_1_187' title='bbox 551 2587 646 2638; x_wconf 86' lang='lat' dir='ltr'>arma,</span> <span class='ocrx_word' id='word_1_188' title='bbox 670 2566 818 2647; x_wconf 85' lang='lat' dir='ltr'>probatio,</span> <span class='ocrx_word' id='word_1_189' title='bbox 840 2564 933 2628; x_wconf 88' lang='lat' dir='ltr'>multa</span> <span class='ocrx_word' id='word_1_190' title='bbox 1019 2574 1070 2624; x_wconf 80' lang='grc'>343</span> 
     </span>
     <span class='ocr_line' id='line_1_29' title="bbox 143 2650 773 2723; baseline 0.003 -11"><span class='ocrx_word' id='word_1_191' title='bbox 143 2650 255 2713; x_wconf 86' lang='lat' dir='ltr'>Classis</span> <span class='ocrx_word' id='word_1_192' title='bbox 277 2654 330 2723; x_wconf 89' lang='grc'><strong>313,</strong></span> <span class='ocrx_word' id='word_1_193' title='bbox 353 2651 440 2715; x_wconf 89' lang='lat' dir='ltr'>nobis</span> <span class='ocrx_word' id='word_1_194' title='bbox 462 2654 565 2715; x_wconf 91' lang='lat' dir='ltr'>inclita</span> <span class='ocrx_word' id='word_1_195' title='bbox 587 2651 667 2714; x_wconf 89' lang='grc'><strong>00113</strong></span> <span class='ocrx_word' id='word_1_196' title='bbox 689 2654 773 2714; x_wconf 89' lang='lat' dir='ltr'>ratis.</span> 
     </span>
     <span class='ocr_line' id='line_1_30' title="bbox 98 2735 814 2818; baseline -0.001 -20"><span class='ocrx_word' id='word_1_197' title='bbox 98 2735 231 2798; x_wconf 75' lang='grc'><strong>130331</strong></span> <span class='ocrx_word' id='word_1_198' title='bbox 254 2737 377 2799; x_wconf 86' lang='lat' dir='ltr'>eximias</span> <span class='ocrx_word' id='word_1_199' title='bbox 400 2738 558 2818; x_wconf 93' lang='lat' dir='ltr'>protendat</span> <span class='ocrx_word' id='word_1_200' title='bbox 579 2737 703 2799; x_wconf 86' lang='lat' dir='ltr'>Graecia</span> <span class='ocrx_word' id='word_1_201' title='bbox 726 2738 814 2808; x_wconf 86' lang='lat' dir='ltr'>vires,</span> 
     </span>
     <span class='ocr_line' id='line_1_31' title="bbox 141 2820 753 2903; baseline 0 -22"><span class='ocrx_word' id='word_1_202' title='bbox 141 2820 206 2890; x_wconf 87' lang='lat' dir='ltr'>ibo,</span> <span class='ocrx_word' id='word_1_203' title='bbox 230 2837 289 2900; x_wconf 91' lang='lat' dir='ltr'>qno</span> <span class='ocrx_word' id='word_1_204' title='bbox 307 2823 338 2880; x_wconf 71' lang='lat' dir='ltr'>‘si</span> <span class='ocrx_word' id='word_1_205' title='bbox 359 2829 392 2883; x_wconf 91' lang='lat' dir='ltr'>tu</span> <span class='ocrx_word' id='word_1_206' title='bbox 413 2840 461 2883; x_wconf 92' lang='lat' dir='ltr'>me</span> <span class='ocrx_word' id='word_1_207' title='bbox 485 2830 570 2903; x_wconf 90' lang='lat' dir='ltr'>pater</span> <span class='ocrx_word' id='word_1_208' title='bbox 591 2824 637 2882; x_wconf 93' lang='lat' dir='ltr'>ire</span> <span class='ocrx_word' id='word_1_209' title='bbox 657 2820 753 2900; x_wconf 87' lang='lat' dir='ltr'>jubes.</span> 
     </span>
    </p>
   </div>
   <div class='ocr_carea' id='block_1_4' title="bbox 167 3042 1072 3119">
    <p class='ocr_par' dir='ltr' id='par_1_4' title="bbox 167 3042 1072 3119">
     <span class='ocr_line' id='line_1_32' title="bbox 167 3042 1072 3119; baseline -0.001 -13"><span class='ocrx_word' id='word_1_210' title='bbox 167 3056 227 3108; x_wconf 79' lang='lat'><strong>322.</strong></span> <span class='ocrx_word' id='word_1_211' title='bbox 245 3052 340 3105; x_wconf 85' lang='lat' dir='ltr'>Ovidii</span> <span class='ocrx_word' id='word_1_212' title='bbox 362 3059 405 3106; x_wconf 85' lang='grc'>331</span> <span class='ocrx_word' id='word_1_213' title='bbox 424 3071 458 3106; x_wconf 87' lang='lat' dir='ltr'>ex</span> <span class='ocrx_word' id='word_1_214' title='bbox 475 3058 557 3107; x_wconf 85' lang='lat' dir='ltr'>Pont.</span> <span class='ocrx_word' id='word_1_215' title='bbox 576 3056 600 3119; x_wconf 87' lang='lat'>1,</span> <span class='ocrx_word' id='word_1_216' title='bbox 620 3059 644 3118; x_wconf 88' lang='lat'>1,</span> <span class='ocrx_word' id='word_1_217' title='bbox 661 3042 704 3110; x_wconf 58' lang='lat'>744.</span> <span class='ocrx_word' id='word_1_218' title='bbox 785 3054 959 3108; x_wconf 72' lang='grc'><strong>30331003</strong></span> <span class='ocrx_word' id='word_1_219' title='bbox 975 3070 1072 3106; x_wconf 83' lang='lat' dir='ltr'>versus</span> 
     </span>
    </p>
   </div>
   <div class='ocr_carea' id='block_1_5' title="bbox 20 3119 1160 3259">
    <p class='ocr_par' dir='ltr' id='par_1_5' title="bbox 20 3119 1160 3259">
     <span class='ocr_line' id='line_1_33' title="bbox 20 3119 1070 3187; baseline 0.001 -14"><span class='ocrx_word' id='word_1_220' title='bbox 20 3119 21 3124; x_wconf 71' lang='grc'>’</span> <span class='ocrx_word' id='word_1_221' title='bbox 99 3137 164 3187; x_wconf 77' lang='lat' dir='ltr'>pars</span> <span class='ocrx_word' id='word_1_222' title='bbox 184 3126 228 3174; x_wconf 85' lang='grc'>331</span> <span class='ocrx_word' id='word_1_223' title='bbox 245 3122 344 3187; x_wconf 82' lang='lat' dir='ltr'>Virgii.</span> <span class='ocrx_word' id='word_1_224' title='bbox 363 3122 430 3174; x_wconf 48' lang='lat' dir='ltr'>Aona</span> <span class='ocrx_word' id='word_1_225' title='bbox 448 3123 485 3187; x_wconf 89' lang='lat'>11,</span> <span class='ocrx_word' id='word_1_226' title='bbox 503 3124 562 3175; x_wconf 78' lang='lat'>708.</span> <span class='ocrx_word' id='word_1_227' title='bbox 641 3126 699 3174; x_wconf 84' lang='grc'><strong>331.</strong></span> <span class='ocrx_word' id='word_1_228' title='bbox 717 3123 891 3176; x_wconf 72' lang='grc'><strong>33113033.</strong></span> <span class='ocrx_word' id='word_1_229' title='bbox 909 3123 1070 3174; x_wconf 82' lang='lat' dir='ltr'>Anticloud.</span> 
     </span>
     <span class='ocr_line' id='line_1_34' title="bbox 98 3188 1160 3259; baseline 0.002 -19"><span class='ocrx_word' id='word_1_230' title='bbox 98 3189 163 3240; x_wconf 88' lang='lat' dir='ltr'>Lib.</span> <span class='ocrx_word' id='word_1_231' title='bbox 181 3190 211 3240; x_wconf 90' lang='lat' dir='ltr'>II</span> <span class='ocrx_word' id='word_1_232' title='bbox 230 3188 330 3259; x_wconf 72' lang='lat' dir='ltr'>(P·,²4)</span> <span class='ocrx_word' id='word_1_233' title='bbox 349 3190 432 3241; x_wconf 77' lang='grc'><strong>1108</strong></span> <span class='ocrx_word' id='word_1_234' title='bbox 451 3192 486 3242; x_wconf 81' lang='lat' dir='ltr'>ab</span> <span class='ocrx_word' id='word_1_235' title='bbox 504 3191 591 3241; x_wconf 82' lang='lat' dir='ltr'>infra:</span> <span class='ocrx_word' id='word_1_236' title='bbox 614 3191 730 3256; x_wconf 86' lang='lat' dir='ltr'>finisque</span> <span class='ocrx_word' id='word_1_237' title='bbox 754 3192 832 3243; x_wconf 83' lang='lat' dir='ltr'>beuti</span> <span class='ocrx_word' id='word_1_238' title='bbox 849 3191 950 3243; x_wconf 80' lang='lat' dir='ltr'>Gratia</span> <span class='ocrx_word' id='word_1_239' title='bbox 967 3191 1072 3257; x_wconf 86' lang='lat' dir='ltr'>princi·</span> <span class='ocrx_word' id='word_1_240' title='bbox 1155 3233 1160 3242; x_wconf 83' lang='lat'><strong>.</strong></span> 
     </span>
    </p>
   </div>
   <div class='ocr_carea' id='block_1_6' title="bbox 98 3257 1071 3527">
    <p class='ocr_par' dir='ltr' id='par_1_6' title="bbox 98 3257 1025 3392">
     <span class='ocr_line' id='line_1_35' title="bbox 98 3257 1025 3325; baseline 0.001 -17"><span class='ocrx_word' id='word_1_241' title='bbox 98 3257 153 3322; x_wconf 84' lang='lat' dir='ltr'>piis</span> <span class='ocrx_word' id='word_1_242' title='bbox 172 3272 280 3323; x_wconf 85' lang='lat' dir='ltr'>semper</span> <span class='ocrx_word' id='word_1_243' title='bbox 298 3257 448 3323; x_wconf 83' lang='lat' dir='ltr'>respondet</span> <span class='ocrx_word' id='word_1_244' title='bbox 465 3257 598 3310; x_wconf 88' lang='lat' dir='ltr'>honestis.</span> <span class='ocrx_word' id='word_1_245' title='bbox 668 3262 726 3313; x_wconf 80' lang='lat'><strong>333.</strong></span> <span class='ocrx_word' id='word_1_246' title='bbox 744 3258 882 3325; x_wconf 85' lang='lat' dir='ltr'>Pamphil.</span> <span class='ocrx_word' id='word_1_247' title='bbox 900 3258 989 3321; x_wconf 86' lang='lat' dir='ltr'>XVII,</span> <span class='ocrx_word' id='word_1_248' title='bbox 1010 3260 1025 3309; x_wconf 87' lang='grc'><strong>7</strong></span> 
     </span>
     <span class='ocr_line' id='line_1_36' title="bbox 196 3324 970 3392; baseline -0.001 -17"><span class='ocrx_word' id='word_1_249' title='bbox 196 3324 380 3390; x_wconf 70' lang='lat' dir='ltr'>Principium</span> <span class='ocrx_word' id='word_1_250' title='bbox 397 3324 534 3391; x_wconf 88' lang='lat' dir='ltr'>finemque</span> <span class='ocrx_word' id='word_1_251' title='bbox 554 3327 636 3379; x_wconf 84' lang='lat' dir='ltr'>simul</span> <span class='ocrx_word' id='word_1_252' title='bbox 653 3326 833 3391; x_wconf 83' lang='lat' dir='ltr'>providentia</span> <span class='ocrx_word' id='word_1_253' title='bbox 851 3330 970 3392; x_wconf 84' lang='lat' dir='ltr'>spectat.</span> 
     </span>
    </p>

    <p class='ocr_par' dir='ltr' id='par_1_7' title="bbox 99 3392 1071 3459">
     <span class='ocr_line' id='line_1_37' title="bbox 99 3392 1071 3459; baseline -0.001 -18"><span class='ocrx_word' id='word_1_254' title='bbox 99 3392 159 3442; x_wconf 76' lang='lat'>334,</span> <span class='ocrx_word' id='word_1_255' title='bbox 180 3392 315 3456; x_wconf 81' lang='lat' dir='ltr'>Anonym.</span> <span class='ocrx_word' id='word_1_256' title='bbox 339 3393 436 3445; x_wconf 77' lang='lat' dir='ltr'>Nerei.</span> <span class='ocrx_word' id='word_1_257' title='bbox 461 3410 487 3459; x_wconf 83' lang='lat' dir='ltr'>p.</span> <span class='ocrx_word' id='word_1_258' title='bbox 506 3395 564 3445; x_wconf 79' lang='lat' dir='ltr'>not.</span> <span class='ocrx_word' id='word_1_259' title='bbox 584 3393 633 3444; x_wconf 88' lang='lat' dir='ltr'>lin.</span> <span class='ocrx_word' id='word_1_260' title='bbox 653 3397 677 3446; x_wconf 79' lang='lat'>2.</span> <span class='ocrx_word' id='word_1_261' title='bbox 758 3397 817 3447; x_wconf 78' lang='lat'><strong>339.</strong></span> <span class='ocrx_word' id='word_1_262' title='bbox 834 3407 931 3443; x_wconf 84' lang='lat' dir='ltr'>monus</span> <span class='ocrx_word' id='word_1_263' title='bbox 954 3392 1071 3457; x_wconf 85' lang='lat' dir='ltr'>antiqno</span> 
     </span>
    </p>

    <p class='ocr_par' dir='ltr' id='par_1_8' title="bbox 98 3457 740 3527">
     <span class='ocr_line' id='line_1_38' title="bbox 98 3457 740 3527; baseline 0.009 -21"><span class='ocrx_word' id='word_1_264' title='bbox 98 3457 130 3508; x_wconf 88' lang='lat' dir='ltr'>in</span> <span class='ocrx_word' id='word_1_265' title='bbox 147 3460 269 3524; x_wconf 78' lang='lat' dir='ltr'>margine</span> <span class='ocrx_word' id='word_1_266' title='bbox 288 3475 338 3524; x_wconf 90' lang='lat' dir='ltr'>per</span> <span class='ocrx_word' id='word_1_267' title='bbox 355 3460 520 3525; x_wconf 86' lang='lat' dir='ltr'>‚,citabunt“</span> <span class='ocrx_word' id='word_1_268' title='bbox 540 3460 669 3527; x_wconf 81' lang='lat' dir='ltr'>explicet,</span> <span class='ocrx_word' id='word_1_269' title='bbox 737 3486 740 3490; x_wconf 91' lang='lat'>·</span> 
     </span>
    </p>
   </div>
   <div class='ocr_carea' id='block_1_7' title="bbox 0 0 1262 3917">
    <p class='ocr_par' dir='ltr' id='par_1_9' title="bbox 0 0 1262 3917">
     <span class='ocr_line' id='line_1_39' title="bbox 0 0 1262 3917; baseline 0 0"><span class='ocrx_word' id='word_1_270' title='bbox 0 0 1262 3917; x_wconf 95' lang='lat' dir='ltr'> </span> 
     </span>
    </p>
   </div>
  </div>
 </body>
</html>
