2509 3917
406 218 467 267 Lib.
487 218 507 266 1.
543 233 569 268 v.
589 219 731 268 tuo—727.

286 398 348 452 HIC
365 396 473 452 Partis
492 397 652 456 DEDUCIT
668 396 853 452 HELENAM.

86 504 223 566 Solverat
245 502 369 564 Oebalio
392 503 516 564 classem
540 502 577 562 de
599 502 700 564 littore
722 504 823 573 victor,

130 589 298 649 lleveniunt
319 587 469 657 Tenedon,
491 585 563 646 inde
586 588 687 664 quiete
708 588 818 647 fovent.

86 673 130 733 Ex
152 672 240 733 siccis
262 673 358 733 oculis
380 673 470 731 traxit
489 670 593 732 Medea
615 671 782 736 madorem:

129 756 225 818 Nullis
247 756 300 816 llet
321 757 451 816 lacrimis
474 754 566 815 oblita
588 764 671 815 reste
694 756 776 816 nivis.

86 841 152 902 Non
175 840 260 901 aliter
284 840 437 900 manifesta
460 847 560 917 potest
581 839 765 900 abscondere
788 841 896 901 mentis
1003 850 1053 900 ‘110

129 923 243 985 Gaudia
266 943 355 1003 quam
377 925 507 984 lacrimis
529 925 639 984 lamina
663 925 731 984 trita
754 925 834 985 satis.

84 1008 199 1069 Blanda
222 1027 294 1068 voce
316 1007 400 1068 Paris
422 1006 594 1069 demulcens
617 1025 670 1067 cor
692 1006 825 1069 mulieris

129 1093 201 1153 Cras
223 1094 336 1152 erimus
358 1091 460 1172 plures
482 1093 594 1170 inquit;
618 1100 647 1152 at
669 1091 717 1152 illa
740 1091 825 1152 bibit.

82 1175 218 1236 lusinuat
241 1177 318 1254 patri
340 1176 409 1256 quid
433 1178 538 1236 lecerit
561 1185 590 1237 et
612 1176 691 1256 quod
715 1184 850 1257 coeptam

128 1259 274 1322 Clauserit
296 1271 393 1339 optata
417 1263 613 1340 prosperitate
638 1262 723 1320 viam.
1002 1272 1052 1321 7111

82 1346 193 1405 Statim
215 1344 349 1405 defertur
371 1344 512 1413 Menelao,
536 1344 616 1425 quod
640 1345 717 1404 loret
738 1362 814 1406 uxor

127 1428 161 1488 ln
184 1427 342 1507 Phrygiam
363 1428 490 1507 Phrygia
512 1446 567 1508 per
590 1447 672 1488 mare
694 1437 776 1488 vecta
800 1429 865 1488 rati.

82 1513 167 1584 Quae
190 1513 321 1591 qualisve
345 1515 408 1572 viro
431 1514 521 1572 fuerit
543 1531 640 1579 mens,
665 1530 754 1572 nemo
776 1515 919 1591 requirat,

127 1595 281 1675 Frigidius
302 1596 398 1674 glacie
419 1605 524 1677 pectus
546 1598 670 1656 amantis
693 1605 765 1656 erat.

81 1681 117 1740 in
143 1682 233 1742 tantis
257 1681 382 1742 dicenda
404 1681 492 1741 malis
515 1698 710 1757 quaecunque
733 1683 853 1741 luerunt
1003 1690 1052 1739 720

128 1765 194 1826 Non
218 1783 288 1825 reor
310 1764 452 1833 allliotum
474 1767 673 1845 perterruisse
695 1766 802 1825 virum.

80 1849 135 1909 lile
158 1848 263 1929 Pylum
284 1848 422 1930 linquens
445 1851 539 1910 tendit
561 1867 629 1910 oum
653 1849 777 1910 Nestore
800 1850 935 1929 Spartam

125 1932 233 1994 Nescio
256 1933 325 2012 quid
346 1932 467 2003 scribat,
490 1934 559 2012 quid
583 1935 767 2013 stupetactus
789 1944 865 2012 agat.

19 2025 21 2038 '
82 2018 174 2078 Mittit
195 2036 251 2095 pro
272 2019 374 2085 fratre,
398 2019 448 2095 qui
472 2017 643 2079 consiliator
666 2025 695 2078 et
717 2029 797 2079 essct

19 2157 20 2160 ,
125 2101 164 2161 Et
185 2101 368 2170 consolator;
392 2102 441 2162 bic
463 2102 665 2179 Agamemnon
690 2111 762 2163 erat.
1002 2112 1051 2160 725

142 2264 219 2344 ‘HIC
236 2264 345 2319 Pastis
364 2264 477 2319 VENIT
494 2265 545 2319 AD
563 2265 707 2320 TROIAM
725 2264 803 2320 CUM
820 2265 977 2319 HELENA.

19 2351 21 2406 5
81 2370 171 2431 Nunc
193 2370 312 2430 'l'roiam
336 2372 449 2449 praedo
471 2374 581 2450 repetit
603 2389 671 2431 oum
694 2370 788 2430 divite
810 2370 935 2448 praedm

125 2455 175 2514 Sic
198 2462 228 2514 et
251 2456 293 2515 sic
316 2455 383 2524 leci,
407 2458 524 2516 nuntiat
546 2453 595 2514 ille
617 2456 705 2534 patri.

149 2624 209 2672 706.
228 2622 334 2672 Statius
353 2622 452 2672 Achill.
470 2623 492 2684 1,
513 2625 545 2673 20

218 2689 347 2740 Solverat
364 2689 481 2741 Oebalio
500 2689 616 2739 classem
635 2689 668 2739 de
686 2688 780 2739 littore
799 2695 901 2755 pastor.

80 2758 137 2807 708.
157 2755 217 2810 cod.
237 2758 334 2822 tregit.
386 2758 512 2809 ‘loa-11.
533 2755 633 2806 alludit
651 2757 793 2807 Lucanum
811 2757 908 2808 Phara.
921 2758 969 2821 IX,
983 2761 1051 2811 1038

78 2825 147 2873 -41
218 2849 253 2859 —
270 2849 303 2859 -
321 2849 354 2859 -
371 2824 499 2873 lacrimas
518 2840 572 2874 non
589 2829 690 2888 sponte
708 2824 846 2874 cadentes

181 2890 303 2951 Effudit3
321 2892 495 2955 gemitusque
515 2891 653 2955 expressit
669 2897 781 2955 pectore
799 2891 884 2955 laeto,

183 2959 246 3008 Non
266 2957 348 3007 aliter
365 2959 515 3009 manifesta
533 2962 633 3023 potens
651 2959 825 3009 abscondere
843 2962 943 3010 mentis

182 3024 298 3087 Gaudia,
319 3040 400 3088 quam
417 3025 546 3075 lacrimis.

78 3093 135 3142 709,
156 3107 206 3155 pro
230 3092 291 3142 eod.
314 3091 387 3142 olleo
408 3094 549 3157 posuimus
573 3092 660 3143 oblita
677 3114 711 3134 =
729 3094 834 3143 induta.
858 3096 927 3146 Hor.
944 3097 994 3160 Ep.
1013 3096 1049 3160 II,

19 3153 20 3178 ¹
78 3161 101 3220 l,
120 3160 174 3210 204
190 3159 372 3222 Divitiseque
391 3161 562 3224 peregrinae,
580 3160 681 3224 quibus
699 3161 801 3211 oblitus
819 3168 898 3212 actor

190 3225 258 3275 Cum
276 3227 358 3275 stetit
374 3226 404 3275 in
422 3242 513 3289 scena,
533 3229 673 3278 concurrit
690 3227 805 3278 dextere.
823 3229 928 3282 laevae.

19 3309 20 3320 ¹
73 3295 136 3345 712.
154 3292 220 3347 Ood.
241 3293 363 3349 blendia,
433 3295 490 3344 713.
510 3295 565 3345 bib.
583 3310 622 3345 so.
641 3311 715 3349 oure.
751 3298 802 3347 Or.
820 3297 886 3348 Her.
904 3296 952 3359 IX,
972 3299 1022 3347 154

209 3360 333 3424 (irasque
352 3362 453 3412 erimus
470 3362 572 3425 plures,
590 3364 688 3427 inquit,
709 3368 739 3413 et
755 3365 814 3428 ipsa
831 3365 909 3414 bibit.

76 3429 135 3479 715.
168 3427 237 3478 Ood.
269 3427 417 3487 clauserat.
494 3431 552 3481 717.
583 3430 649 3483 Cod.
674 3445 723 3493 per
752 3445 826 3480 mare
853 3436 936 3480 vecta
962 3446 1047 3484 mare.

75 3497 134 3545 719.
154 3494 205 3545 Ov.
221 3492 288 3548 Her.
305 3495 329 3559 1,
347 3497 388 3548 22.
459 3498 516 3552 722,
536 3495 602 3551 dod.
622 3496 777 3562 lingquens.

805 3579 842 3629 3.
