2509 3917
206 201 268 270 156
522 205 585 255 Lib.
603 204 636 257 V.
672 217 697 253 ν.
716 205 861 258 rea-tol.

250 355 377 417 Brachia
400 364 471 417 sunt
492 358 601 432 animo,
625 359 669 417 sie
692 357 739 418 leo
763 358 936 419 1131113133.

209 441 284 500 Sunt
308 457 441 519 eaquae
464 439 566 510 doceo,
590 442 730 504 fortunae
755 451 855 503 celera
878 441 995 511 mando,

249 523 327 585 Hinc
351 523 421 604 quid
445 533 555 594 mente,
578 526 658 587 ierat
679 526 806 606 quilibet
828 544 890 595 ore,
914 529 999 586 sciat.

488 671 708 739 [3333113313
727 672 884 742 onorio]

207 774 287 836 Dixit
310 782 339 837 et
361 775 497 846 obticuit,
523 779 622 839 videas
645 796 780 840 mussare
802 777 971 846 eohortem;

248 858 392 929 Haerent.
416 863 483 939 quis
506 864 637 940 primum
660 863 767 924 reddat
787 863 825 924 ad
846 864 903 924 ista
927 880 1043 923 sonum.

207 945 341 1026 Cumque
364 952 526 1015 taceretur,
549 946 605 1006 1133
629 965 702 1007 vooe
724 948 842 1008 silentia
865 948 947 1026 rupit

247 1031 388 1099 Antenor,
414 1036 483 1091 natu
507 1048 575 1091 3331
599 1031 656 1092 luit
678 1030 727 1091 1113
750 1033 845 1111 prior:

205 1113 299 1173 Nemo
323 1114 449 1175 miretur
471 1133 490 1175 o
513 1115 579 1175 reri
603 1118 738 1192 angustia
762 1124 891 1177 mentem

167 1270 170 1274 ἵ
248 1197 280 1257 Si
302 1199 372 1258 terit
395 1208 424 1258 et
445 1197 583 1260 tenebrat
604 1202 767 1278 irrequieta
789 1211 880 1260 tuam.

206 1282 357 1344 Fortunae
380 1300 468 1362 saepe
490 1290 556 1343 rota
578 1301 633 1343 nos
655 1284 779 1345 involvit
801 1302 920 1354 arenae,

247 1365 372 1446 Quoque
396 1367 538 1436 leramur,
562 1367 660 1438 adhue
683 1369 747 1429 3133
769 1367 891 1446 grandis
912 1369 1000 1429 inest.
1106 1427 1108 1434 ,

205 1451 300 1521 Sensi,
324 1451 452 1522 sensisti,
475 1453 568 1511 sensit
589 1454 742 1532 provincia
765 1462 840 1513 tota:

248 1534 378 1596 Troibus
399 1535 549 1596 horrenda
574 1535 767 1615 multiplicata
792 1535 879 1597 mala.

205 1619 318 1680 Moesto
341 1619 432 1680 eorde
454 1619 578 1699 loquor:
601 1621 688 1692 Quod
712 1620 954 1701 inexpugnabilis
975 1621 1096 1690 Hector,
1128 1631 1179 1678 143

248 1702 428 1779 Deiphobus,
452 1703 576 1765 Troilus
598 1707 715 1766 oorruit
736 1714 825 1783 atque
848 1705 947 1767 Paris:

206 1785 246 1845 Se
269 1784 371 1865 duplat
394 1789 435 1847 mi
458 1787 543 1848 dolor
565 1788 647 1867 quod
671 1797 701 1851 et
723 1791 755 1850 in
778 1791 887 1851 virtute
910 1795 964 1868 per
987 1807 1092 1851 omnes

195 1942 201 1950 ι
250 1869 413 1931 Terrarum
436 1871 511 1933 flues
534 1890 594 1933 non
615 1873 751 1935 habuere
773 1890 871 1953 pares.

205 1952 332 2032 Semper
355 1954 493 2016 crudeles
515 1957 671 2019 adversum
694 1958 813 2018 lortiter
835 1957 935 2019 hostes

247 2040 333 2097 Arma
357 2036 537 2110 levaverunt,
561 2043 731 2104 occubuere
753 2051 863 2104 tamen.

205 2121 298 2182 Casus
320 2125 476 2201 praeteriti
498 2128 665 2204 praesentis
686 2130 820 2205 itemque
842 2129 937 2189 loturi

246 2205 403 2285 Temporis
425 2210 527 2269 intuiti
550 2228 599 2270 res
621 2211 774 2272 recitando
797 2229 919 2282 sumus;

204 2289 262 2350 Sed
286 2289 343 2351 luit
365 2292 502 2354 occlusus
525 2303 647 2355 nostrae
668 2297 794 2356 rationis
816 2294 937 2365 3331133,

246 2376 308 2437 Ν33
330 2374 407 2435 bene
429 2376 579 2456 praeludit
600 2379 659 2439 1313
683 2379 781 2440 lutura
806 2380 899 2440 loeus.

203 2458 329 2530 Quando
354 2460 554 2538 Tyndaridem
577 2460 703 2523 Menelai
726 2462 816 2541 Troja
839 2466 962 2541 recepit,
1128 2475 1180 2522 '155

245 2544 311 2604 Heu
332 2553 475 2623 quantum
499 2546 620 2626 Phrygii
643 2549 797 2625 sanguinis
818 2547 867 2607 1113
890 2548 968 2610 tulit.

200 2628 278 2687 Arva
300 2627 494 2689 cadaveribus
516 2639 585 2691 sunt
606 2630 705 2710 plena,
729 2633 867 2709 sepulcra
891 2630 1023 2712 sepultis,

246 2709 383 2790 Undique
406 2720 485 2773 terra
510 2715 598 2775 rubet
620 2716 767 2792 sanguine
790 2717 868 2795 31313
892 2715 1053 2796 Phrygum.

201 2791 348 2871 Quodque
370 2793 451 2876 loqui
473 2800 598 2860 minime
621 2802 685 2860 sine
709 2798 790 2860 luctu
813 2819 981 2879 possumus,
1005 2798 1055 2861 1113
1245 2867 1246 2882 2

245 2878 338 2940 Unica
361 2899 429 2959 spes
451 2880 534 2957 belli,
557 2882 745 2945 Penthesilea
768 2885 834 2954 luit,
1121 2895 1178 2943 730

201 2960 329 3023 Etcum
351 2966 456 3044 regina
480 2965 614 3028 lunatum
638 2968 752 3029 corruit
775 2984 893 3044 agmen,
964 2963 972 2978 ⁸

271 3148 319 3199 735
337 3164 379 3214 sq.
399 3148 456 3199 Ofr.
477 3149 569 3202 Gtteli.
589 3151 667 3201 Alex.
685 3151 734 3212 IV,
755 3154 803 3202 110
822 3167 862 3216 sq.

405 3243 437 3253 -
456 3243 488 3251 -
508 3218 666 3282 ambiguum
684 3219 781 3269 rideas
800 3234 923 3269 mussare
942 3225 1081 3283 senatum,

202 3329 205 3336 ,
302 3282 340 3332 Et
357 3283 469 3333 siluisse
489 3283 536 3333 diu
554 3285 716 3348 perhibetur
735 3287 822 3344 ouria,
841 3286 929 3336 donee

302 3347 449 3397 Parmenio
468 3355 519 3402 ete.

200 3415 257 3463 163.
285 3412 352 3463 (lod.
378 3413 404 3462 S.
425 3414 444 3463 f.
468 3415 578 3465 clausus
597 3418 714 3466 rationis
733 3419 848 3469 ocellus.
927 3422 984 3471 757.
1006 3421 1066 3474 cod.
1086 3437 1180 3473 arma.

199 3479 257 3530 ⁷60.
276 3493 371 3542 margo
389 3481 506 3543 praebet
523 3484 587 3533 ruit.
