2509 3917
407 196 468 246 Lib.
487 191 510 246 I.
544 211 568 247 v.
589 197 732 247 tra-152.

89 349 241 429 Perspieit
263 356 294 409 et
315 348 435 409 Troiam
457 365 510 408 rex
533 350 638 416 munit,
662 348 780 410 moenia
801 349 882 428 lapsa

85 482 88 488 .
134 434 233 512 Erigit
255 440 285 493 et
307 450 410 494 muros
432 430 641 512 amplificando
664 432 769 501 trahit;

91 519 279 581 constructis
300 518 397 595 portis
419 518 546 594 imponit
567 519 697 587 nomina,
722 516 841 598 supplet

134 605 257 664 Amnem
281 600 460 679 neglectum,
484 602 584 662 firmat
605 602 716 681 ubique
739 601 846 671 locum,

9 739 11 742 .
90 689 136 751 Ex
158 705 246 747 muro
268 693 368 747 turres
390 693 421 746 et
441 686 665 764 propugnacula
688 694 824 765 surgunt,
864 741 867 748 ,

134 772 236 832 Firma
259 773 367 831 virtute
389 771 532 847 Pergama
553 777 634 831 stare
655 770 748 832 vides.

91 856 159 919 Non
172 867 252 926 ‘sunt
274 856 397 925 munita,
419 863 490 915 sunt
511 856 718 925 munitissima,
742 863 866 936 possent

9 943 12 958 ⁸
135 940 216 1000 Inter
239 937 392 1020 praeclara
415 956 524 999 nomen
546 938 658 1001 habere
680 939 754 1002 looa.

90 1025 185 1102 Regia
208 1026 306 1102 surgit
327 1024 371 1084 ibi
393 1021 572 1084 sublimibus
595 1023 653 1085 alta
675 1024 832 1096 columnis,

135 1108 191 1169 Hie
213 1107 271 1169 sibi
293 1107 441 1168 culturam
462 1107 592 1169 vindicat
614 1127 665 1169 ara
688 1109 779 1171 Jovis.

91 1193 204 1254 Versus
225 1193 385 1254 Paeoniam
407 1192 501 1253 fortes
523 1192 640 1253 adscire
662 1192 794 1265 Quirites

136 1277 179 1338 Ad
202 1280 295 1357 patris
316 1277 475 1354 imperium
498 1276 601 1355 dirigit
622 1277 734 1339 Hector
756 1278 822 1343 iter.

222 1456 371 1513 rursusi
388 1456 475 1511 num
492 1441 659 1512 muratas
676 1457 930 1518 sxnnonnrnn.

93 1580 177 1644 Urbe
199 1581 365 1646 reformata
384 1596 463 1640 nunc
485 1597 539 1639 rex
561 1587 591 1639 et
613 1587 673 1641 tota
696 1580 821 1641 reiortat

136 1666 233 1744 Regni
254 1664 414 1743 praesidia,
438 1663 509 1725 litus
531 1681 633 1725 arasse
655 1672 748 1743 pntat.

91 1750 240 1827 Pergama
262 1748 388 1818 militiae
409 1764 469 1807 non
492 1747 587 1809 solnm
610 1748 685 1808 llore
708 1756 832 1810 coronat

9 1895 11 1914 ζ
136 1834 232 1895 Immo
254 1831 351 1912 replet
372 1831 518 1901 Priamus,
542 1832 637 1893 milite
660 1840 720 1895 tota
743 1834 829 1912 viget.

9 1985 11 2012 μ
91 1919 213 1996 Regalis
236 1920 318 1978 vario
341 1916 468 1978 laetatur
491 1918 573 1979 ouria
594 1915 676 1986 ludo,

138 2003 172 2064 ln
193 2003 298 2083 quavis
320 2000 405 2062 audis
427 2003 556 2062 earmina
579 2000 656 2063 laeta
679 2001 777 2062 domo.

90 2087 138 2151 Ne
161 2095 262 2148 tamen
283 2088 422 2164 ignavum
443 2092 621 2147 consumant
644 2090 704 2147 otia
728 2104 838 2166 eorpus

137 2170 271 2233 Militiam
294 2168 440 2239 recolunt,
464 2171 552 2230 sortia
575 2172 667 2232 mulla
691 2180 814 2249 geruut;

92 2257 245 2334 Segnities
268 2272 388 2316 oausam
412 2253 535 2314 dederat
556 2257 635 2333 quia,
659 2254 873 2335 proditionem

137 2340 293 2421 Hesyonae
316 2338 442 2407 deooriS,
465 2337 674 2399 Laomedontis
697 2357 782 2417 opus.

91 2425 172 2487 Tota
193 2425 369 2502 recognovit
390 2421 440 2483 bio
461 2424 586 2491 moenia,
610 2420 751 2482 desidiosi

138 2508 222 2579 Quae
244 2507 361 2588 pridem
384 2508 460 2567 tanti
482 2524 570 2567 eausa
592 2508 678 2568 idere
700 2506 780 2568 mali.

89 2593 212 2656 Desidis
234 2595 359 2674 aurigae
380 2608 441 2650 non
463 2590 546 2652 audit
567 2590 692 2653 verbera
714 2609 830 2662 currus,

138 2675 281 2757 Displicet
303 2693 375 2754 ergo
397 2675 467 2736 duci
489 2674 638 2736 desidiosa
659 2676 759 2753 sequi;

90 2762 159 2824 Nee
181 2780 288 2823 manus
310 2761 454 2836 agnoseit,
477 2778 567 2838 quem
588 2778 649 2821 non
672 2762 815 2829 exercuit,
840 2778 942 2822 arcum

138 2846 219 2927 Tyro
241 2846 417 2923 frequenter
440 2842 479 2905 ob
501 2844 558 2905 hoo
580 2846 673 2905 mittit
694 2844 730 2906 ad
753 2859 988 2908 arma‘manum.
1015 2854 1071 2905 too

250 3006 429 3086 ANTENOR
443 3006 624 3063 MITTITUR
641 3007 713 3063 PRO
731 3006 911 3064 HESYONE.

9 3103 11 3168 Ῐ
86 3133 157 3195 Rex
183 3128 264 3193 videt
284 3137 320 3201 ut
341 3134 429 3210 regni
450 3129 584 3192 stabilita
603 3132 734 3210 negotia,
757 3137 888 3191 mentem

137 3214 258 3295 Colligit
281 3223 312 3277 et
333 3216 449 3295 proprii
470 3214 569 3277 cordis
590 3217 623 3276 in
646 3233 715 3277 arva
736 3214 831 3283 redit;

165 3418 224 3469 147.
260 3416 405 3469 Claudiurn.
439 3418 472 3468 de
508 3416 612 3468 oonsul.
648 3416 738 3466 bdellii
772 3415 911 3466 Theodori
945 3431 970 3468 r.
1006 3417 1070 3468 187..

87 3488 152 3539 149.
193 3499 208 3535 e
233 3484 378 3537 claudian.
403 3484 437 3537 de
460 3500 535 3536 cons,
554 3484 629 3536 Meli.
648 3483 752 3535 Theod.
774 3499 800 3535 v.
820 3483 877 3532 188.
