2509 3917
429 180 492 232 nro.
511 181 546 236 r.
575 197 602 233 v.
620 181 765 233 see-ere.
1018 179 1077 244 151

99 334 286 394 Foemioeas
308 335 386 393 vires
408 349 464 410 ego
487 335 578 402 sensi,
601 341 692 412 tuque
714 335 831 403 ririles;

150 416 259 477 Nonne
281 415 384 497 liquet,
407 416 486 497 quod
509 419 552 478 sis
575 417 705 480 ioemiua
726 427 769 487 tu,
793 421 838 477 vir
860 418 934 495 egoi
1025 427 1078 477 666

101 499 219 570 Credo,
243 501 308 561 dies
329 499 475 561 hodierna
497 499 637 580 probabit
658 511 758 562 utrurn
782 501 923 563 mulieres

153 585 222 646 Sint
245 584 319 646 haee
341 603 504 663 pensorum
528 583 659 658 turbela,
681 589 744 646 sire
766 604 873 647 mares.

96 670 183 730 Tiro
205 672 245 730 sit
267 668 362 738 miles,
387 669 494 730 mulier
516 671 553 730 sit
575 670 715 738 foemina,
739 670 784 731 vir
806 689 879 740 mas,

149 751 203 815 llla
226 756 272 814 vir
294 761 345 813 aut
366 752 475 815 mulier
497 753 565 814 illel
587 754 702 815 referre
725 755 817 816 nolas.

64 869 71 874 ·
104 839 143 899 ln
167 836 272 917 pelago
294 856 360 898 mea
383 837 479 898 eimha
503 837 567 907 iuit,
589 847 688 900 tamen
710 841 826 917 integra
847 843 970 910 manain
1025 848 1077 898 666

152 921 313 983 Fluctibus
336 924 366 981 in
388 921 496 982 mediis
519 932 563 983 est
586 930 636 983 tua
658 924 753 984 lraeta
778 924 859 984 ratis.

104 1006 161 1067 Sis
183 1004 272 1083 hujus
294 1007 404 1066 virtute
426 1023 532 1067 manus
554 1006 669 1077 edocta,
693 1007 799 1087 puellis

153 1088 240 1160 Quod
263 1108 323 1150 noo
345 1092 384 1150 sit
405 1099 500 1151 tutum
524 1089 600 1150 bella
623 1110 745 1153 morere
769 1093 847 1153 viris.

105 1173 249 1235 imbelles
271 1176 352 1244 estis,
376 1173 426 1234 ubi
448 1180 519 1236 sunt
540 1192 613 1254 quaa
636 1194 702 1237 esse
724 1176 853 1238 rebelles

152 1258 206 1319 Est
228 1265 279 1319 tua
301 1276 355 1336 per
377 1257 485 1320 multas
506 1259 610 1337 lingua
633 1259 729 1321 locuta
754 1262 849 1321 vieesi
1024 1269 1077 1319 600

37 1341 44 1348 “
105 1342 238 1404 Portasti
261 1341 392 1420 gladium
415 1359 475 1402 noo
497 1342 605 1413 iusum,
628 1342 697 1424 plus
719 1347 787 1422 quia
811 1345 876 1405 luso

153 1426 226 1488 Pers
248 1424 390 1504 gladium,
413 1427 512 1503 gladio
534 1427 650 1487 vindice
672 1428 736 1489 fusa
757 1432 849 1507 janes.

102 1510 157 1571 Tu
181 1512 249 1588 quia
272 1508 451 1572 funebribus
473 1529 505 1571 es
527 1528 586 1571 non
609 1510 807 1574 muliebribus
830 1529 892 1585 usa,

155 1594 295 1655 Funebre
317 1597 377 1657 lers
399 1595 525 1675 pondus,
549 1612 608 1655 non
632 1595 782 1657 muliebre
804 1596 905 1657 denus.

106 1680 172 1741 Hae
193 1680 257 1739 vioe
278 1681 305 1739 si
327 1677 445 1758 speeula
470 1696 529 1741 non
552 1679 663 1759 spicula
687 1681 770 1759 virgo
792 1679 919 1749 tulisses,
1025 1690 1076 1740 666

155 1761 257 1824 Telam
281 1780 340 1823 non
365 1761 420 1824 tela
445 1763 537 1824 ririda
560 1765 640 1825 lorte
661 1765 751 1829 feres.

104 1848 203 1916 lla'ee;
227 1855 258 1907 et
280 1847 376 1908 adhue
399 1847 528 1925 gladium
552 1850 674 1926 reginae
698 1851 841 1927 sanguine
864 1850 988 1911 crudum

155 1931 382 2011 Quadrupedem
405 1930 560 1994 stimulans
582 1934 672 1994 mittit
693 1935 725 1994 in
748 1951 814 1994 ossa
838 1933 1000 2014 Phrygum.

105 2017 279 2077 Taenariae
301 2015 392 2076 limen
415 2019 491 2095 petit
512 2015 704 2077 irremeabile
726 2025 829 2097 portae

150 2100 239 2169 Haeo,
264 2101 339 2160 ritae
363 2100 504 2161 claudens
526 2102 570 2161 sie
591 2103 776 2162 monimenta
799 2120 881 2162 suae.
1025 2112 1076 2161 610

297 2279 468 2350 [TROJANI
489 2278 654 2335 FUGIUNT
676 2280 716 2334 IN
739 2279 887 2349 URBEM,]

109 2402 258 2464 Panditur
280 2403 426 2463 immenso
449 2402 591 2463 deformis
613 2404 758 2480 sauguine
780 2421 912 2485 campus,

152 2487 208 2548 Hie
227 2485 308 2566 jacet
331 2488 447 2547 occisus
471 2485 636 2562 Dardanus,
658 2485 709 2547 hie
732 2486 858 2547 Danaus.

110 2572 272 2649 Postquam
295 2571 417 2647 reginae
440 2571 579 2632 viderunt
599 2572 705 2632 lunera
728 2571 844 2641 Teucri,

153 2655 296 2716 Protinus
319 2663 363 2714 est
385 2654 443 2714 illis
465 2672 573 2716 aurora
596 2663 684 2733 rupta
707 2657 779 2735 spei.

102 2739 274 2817 Complosis
296 2738 433 2799 manibus
455 2756 576 2819 eampos
600 2738 761 2801 ululatibus
783 2737 915 2820 implent,
1024 2749 1075 2800 615

152 2822 277 2883 Labitur
297 2826 329 2883 in
351 2830 481 2885 moestas
503 2822 625 2885 lacrima
648 2822 729 2903 larga
753 2842 854 2903 genas.

104 2907 172 2968 Nee
194 2906 300 2968 modus
323 2914 369 2967 est
390 2905 530 2975 lacrimis,
553 2915 665 2978 rorant,
688 2907 844 2988 clypeique
862 2906 1024 2989 iubaeque,

151 2991 270 3052 Thorax
293 3009 308 3052 a
332 2992 453 3052 lacrima
475 2992 552 3052 siout
573 2991 611 3053 ab
634 2991 732 3053 imbre
754 2991 883 3053 madent.

176 3262 235 3312 out.
255 3259 321 3311 (lod.
334 3258 450 3324 puellae.
503 3260 561 3311 606.
579 3261 638 3311 ood.
658 3261 740 3317 fores.
801 3224 862 3313 607.
881 3260 1074 3312 sabellinae.

108 3328 181 3393 supi.
200 3327 249 3379 ait.
318 3328 377 3382 609.
396 3332 439 3378 est
457 3327 541 3378 Statii
558 3327 646 3378 Theb.
665 3329 690 3389 1,
702 3330 743 3384 96,
812 3330 871 3379 611.
891 3327 974 3378 surii
986 3327 1074 3382 Theb.

105 3395 144 3458 Χ,
156 3396 172 3446 b
190 3400 243 3458 est,
263 3411 296 3447 ex
314 3410 367 3459 qno
384 3394 446 3445 loeo
458 3410 507 3459 pro
519 3396 607 3445 nostri
618 3396 767 3446 immensus
779 3397 920 3460 posuimus
932 3396 1075 3445 immenso.

104 3464 166 3513 615.
186 3462 244 3514 cod.
263 3463 376 3529 campie.
445 3464 505 3515 617.
523 3461 607 3513 sueni
624 3462 711 3513 Theb.
729 3462 776 3522 IV,
796 3465 836 3513 18.
