2509 3917
181 192 243 256 144
492 193 555 247 nin.
574 193 607 244 v.
638 209 664 243 v.
684 194 829 242 seo-eoa.

390 338 574 409 [ernanus
592 339 721 394 nauum
739 340 780 394 nr
797 337 936 407 raons]

180 444 315 525 Pyrrhus
335 443 526 521 achilleides,
547 446 699 507 animosus
720 446 849 523 imagine
871 445 974 524 patris,

223 530 278 590 llis
302 529 382 590 dolet
403 528 549 607 Argolicis
571 527 758 608 subjacuisse
780 528 908 609 probris.
1086 531 1156 586 '370

181 614 313 693 impiger
335 630 416 674 arma
439 616 529 693 rapit,
553 612 667 674 medios
688 616 825 675 ruiturus
847 616 879 673 in
902 612 1003 673 hostes

223 697 337 759 Invadit
358 698 500 767 Teucros,
523 715 594 758 ense
616 696 739 774 bipartit
761 716 822 757 eos.

180 782 231 843 Sic
252 783 335 843 ierus
357 782 497 861 accipiter
519 799 637 860 ungues
659 790 815 860 exasperat
837 798 940 849 uncos,

118 909 124 918 .
224 866 322 946 Quum
346 864 550 926 columbarum
574 868 685 944 cogitat
708 883 773 927 esse
795 880 926 942 gregem.

182 951 238 1013 llic
261 949 348 1019 volat,
371 949 419 1009 lric
441 948 565 1019 revolat
586 951 665 1027 rapit
686 950 774 1024 hanc,
798 947 944 1010 euiscerat
964 948 1045 1009 illam
1102 957 1155 1005 375

223 1035 260 1095 Et
281 1032 390 1111 plumis
413 1033 504 1094 mixto
526 1035 670 1111 sanguine
692 1034 789 1113 pingit
809 1034 942 1095 humum.

182 1118 267 1179 Haud
291 1135 376 1178 secus
397 1119 429 1177 in
452 1118 618 1197 Phrygibus
640 1117 747 1196 Pyrrhi
769 1136 802 1178 se
824 1118 946 1178 dextera
969 1118 1064 1195 tingit
1119 1131 1123 1138 '

226 1202 300 1264 Dum
323 1219 397 1262 nece
420 1200 577 1279 multipiici
599 1202 840 1279 sanguinolenlat
861 1219 960 1279 agros.

181 1285 290 1348 Educit
312 1285 427 1346 llanaos
448 1287 651 1363 Agamemnon
674 1296 703 1346 et
726 1288 846 1348 instruit
869 1303 981 1353 omnes,

224 1370 355 1449 lmperat
376 1377 409 1429 ut
430 1370 564 1438 veniant;
588 1372 620 1431 bt
643 1370 753 1446 fragor,
777 1388 860 1431 arma
882 1377 1000 1432 sonant.
1103 1378 1156 1442 380

181 1453 311 1517 Tollitur
333 1452 369 1512 ad
393 1451 507 1514 coelum
531 1453 654 1522 clamor,
678 1473 734 1515 voa
755 1455 853 1515 sidera
876 1452 983 1532 pulsat,
1026 1491 1029 1492 ν

225 1540 268 1600 nd
292 1538 389 1598 nubes
412 1536 521 1598 nebula
544 1537 749 1618 pulverulenta
774 1537 865 1606 volat:
895 1547 898 1554 “

182 1623 331 1700 Clangunt
353 1629 382 1681 et
404 1620 479 1691 litui,
504 1621 686 1684 clamoribus
710 1623 785 1682 eclro
808 1621 963 1688 reclamat;

227 1708 288 1773 Est,
312 1703 400 1767 veluti
424 1715 503 1767 totns
525 1707 655 1766 mundus
676 1709 709 1767 in
732 1724 813 1766 arma
836 1715 912 1772 ruat,

185 1792 245 1853 Est.
269 1792 353 1870 quasi
375 1799 531 1869 rumpatur
553 1789 651 1859 tellus
675 1790 811 1851 hinnitus
833 1808 993 1869 equorum;
1104 1797 1155 1846 385

227 1872 348 1952 Spicula
370 1873 440 1934 dum
464 1874 596 1942 volitant,
620 1884 675 1942 est.
698 1877 782 1954 quasi
805 1876 877 1936 silva
900 1874 995 1934 cadat,

183 1958 226 2020 Ex
250 1960 342 2017 armis
364 1956 490 2018 scintilla
514 1961 614 2028 micat,
638 1959 718 2019 velut
739 1961 807 2036 igne
829 1976 971 2024 corusco:

226 2041 382 2101 Horrendo
405 2044 539 2117 quatitur
560 2044 641 2103 auris
663 2050 785 2102 staura
808 2060 890 2102 sono.

184 2125 249 2188 Non
273 2126 463 2203 ferrugineus
485 2124 536 2186 sed
559 2127 678 2187 lerrous
699 2128 815 2203 ingruit
836 2125 932 2193 imber

228 2207 370 2269 Telorum
393 2208 485 2269 mulla
508 2208 587 2270 nube
609 2208 739 2287 tegendo
762 2210 874 2288 polum.
1102 2218 1169 2267 390-

185 2292 384 2360 Coocurrunt,
409 2295 439 2353 in
462 2293 521 2353 iata
544 2302 647 2368 ruunt,
670 2293 875 2370 glomerantur
897 2294 926 2354 in
950 2311 1053 2363 unum,

227 2377 288 2439 Nec
310 2378 430 2457 requies
452 2377 552 2457 aliquo
575 2380 634 2438 scit
655 2377 770 2437 latitare
793 2378 868 2438 loco.

185 2461 239 2523 llic
262 2460 369 2530 rabies,
393 2478 522 2530 moeror,
546 2461 691 2529 ircmitus
715 2459 863 2532 violentia,
886 2462 972 2529 livor,

228 2544 287 2614 Lis,
310 2546 422 2612 odium,
445 2546 553 2613 fervor,
578 2548 716 2625 impetus.
741 2549 796 2615 ira,
820 2547 915 2607 luror.

187 2629 260 2689 Pars
275 2630 389 2705 gladios
404 2631 557 2707 stringunt
572 2630 720 2698 manibus,
737 2647 806 2708 pars
821 2630 934 2709 spicula
951 2631 1084 2697 mittunt,
1100 2640 1152 2688 395

229 2711 261 2772 ln
284 2715 397 2773 ferrum
421 2714 517 2782 turba,
541 2715 580 2774 sit
601 2716 685 2793 quasi
709 2732 806 2782 caeca,
830 2722 932 2775 ruunt.

184 2796 339 2857 lnlrenant
360 2799 409 2856 isli
431 2816 548 2868 currus,
570 2815 641 2877 pars
662 2797 754 2858 altera
777 2797 854 2860 saltu

228 2879 383 2960 Praecipiti
405 2881 509 2942 validis
532 2880 708 2960 injiciuntur
730 2884 824 2960 equis,

129 3014 131 3017 Α
184 2962 333 3025 lnsultans
355 2968 476 3044 sonipes
498 2974 561 3026 tolo
583 2962 686 3026 fremit
708 2984 837 3043 aequore
860 2965 979 3026 irenam

253 3201 310 3255 3‘l3.
329 3216 434 3265 margo:
457 3201 687 3265 comparationem
707 3202 781 3251 iacit.
851 3204 909 3253 374.
928 3217 1039 3267 mergo:
1064 3216 1157 3251 come·

186 3266 257 3317 dere.
326 3269 386 3318 384.
405 3266 456 3319 Ov.
475 3267 552 3317 Post.
569 3267 617 3328 Vl,
635 3270 686 3318 698

287 3360 321 3368 -
340 3334 488 3382 attonitum
507 3333 607 3396 vulgus
627 3333 661 3381 ad
681 3350 757 3384 arma
775 3335 840 3385 ruit.
860 3317 862 3320 Ι

187 3400 245 3448 396.
271 3399 301 3447 in
326 3400 390 3452 ferr.
417 3405 508 3448 ruunt.
537 3400 615 3461 Virg.
635 3397 732 3463 Georg,
755 3401 791 3458 11,
809 3405 868 3451 503.
984 3404 1043 3456 399.
1074 3401 1158 3467 glosa

187 3465 332 3528 marginisr
352 3464 468 3528 planitie
487 3465 585 3528 campi.
