2509 3917
178 168 220 233 88
486 170 548 221 Lib.
566 170 618 220 111.
653 185 679 220 v.
698 170 842 220 ott-tto.
942 246 946 251 ι

181 326 205 383 Α
228 339 314 382 muro
336 338 428 381 sonus
450 322 616 400 increpitat,
641 320 770 399 Trojana
790 319 930 398 juventus

224 404 366 467 Hostibus
387 404 519 484 insultat,
543 415 575 466 ut
597 407 757 484 superarit,
781 415 856 465 ovat.

179 490 308 567 Argolici
330 489 491 568 trepidant,
514 508 574 549 non
596 498 695 550 autem
718 486 797 549 bella
820 489 983 567 resignant,

222 573 362 634 Laetatur
385 574 443 634 tine
465 592 534 653 spes
556 572 632 633 mala
655 591 744 652 saepe
767 572 864 640 bono:

182 659 258 738 Spes
280 656 357 717 bona
380 676 471 735 saepe
493 656 571 717 malo
593 657 721 718 laetatur
745 658 817 727 line;
840 665 962 734 recepto
1101 666 1146 715 515

224 741 352 803 Vulnere
375 741 554 802 vincendum
577 740 701 801 vulnere
723 740 822 801 credit
844 742 962 801 lterum.

180 826 278 886 Heros
300 829 408 894 iratus,
433 827 543 886 etenim
567 824 652 885 dolor
675 826 785 885 excitat
808 827 892 895 iram,

224 909 353 972 Hectora
375 908 492 970 vibrato
513 910 623 970 lortius
646 927 718 970 ense
742 909 825 987 petit.

180 993 244 1054 Hoc
266 993 413 1073 siquidem
436 992 518 1053 clavo
540 1000 623 1053 tenet
645 992 776 1053 anchora
799 994 908 1054 mentis
930 991 1095 1055 Achillem:

225 1078 276 1139 Vel
298 1079 387 1138 modo
409 1077 576 1137 Priamides
598 1076 645 1136 vel
667 1076 746 1138 cadit
766 1075 919 1138 Aeacides.
1103 1085 1148 1134 ato

181 1160 261 1222 lctus
283 1179 355 1239 ergo
375 1159 463 1239 jacet,
488 1160 610 1222 insultat
632 1170 662 1222 et
684 1160 793 1221 ictibus
815 1162 892 1222 ictus

222 1245 260 1306 lit
281 1263 342 1305 non
365 1254 411 1305 est
434 1244 510 1305 ullus
532 1247 563 1304 in
585 1242 723 1305 feriendo
745 1244 861 1305 modus.

179 1327 285 1390 Deficit
307 1347 323 1388 o
346 1328 483 1389 manibus
505 1327 624 1389 soboles
646 1327 803 1398 Priameia,
828 1329 950 1390 Graecis

223 1411 348 1474 Ossibus
371 1412 500 1473 officium
523 1416 566 1473 vis
588 1414 713 1490 regitiva
736 1421 837 1491 negat.

179 1498 340 1559 Descendit
362 1497 493 1576 clypeus,
516 1496 687 1557 lentescunt
709 1495 841 1564 brachia,
865 1514 971 1557 mucro

222 1581 335 1660 Desipit
358 1588 388 1641 et
410 1582 504 1641 virtus
527 1599 580 1660 spe
603 1579 750 1640 titubante
772 1581 857 1656 sugit.

180 1665 294 1726 Taedet
317 1683 383 1724 eum
407 1681 534 1743 pugnae,
557 1662 647 1723 uellet
668 1667 778 1725 vitasse
802 1664 942 1734 duellum,

223 1746 324 1808 Mallet
345 1747 381 1807 ad
405 1750 507 1809 uxoris
530 1746 681 1809 delituisse
704 1765 821 1826 preces.

179 1832 242 1893 lam
266 1831 411 1906 Graecum
436 1832 551 1909 lugere,
573 1830 694 1910 jamjam
718 1833 909 1893 retrocedere
932 1835 1067 1912 quaerit,

223 1916 335 1983 scindi,
359 1917 384 1975 si
408 1915 510 1993 lug‘iat;
534 1917 654 1994 occiput
677 1934 748 1976 ense
771 1919 865 1978 timot.
1103 1924 1152 1974 530

157 2010 159 2015 ’
179 2000 300 2078 impetit
321 1998 402 2059 hune
425 2006 487 2059 toto
511 1997 635 2060 collecto
656 1998 766 2060 robore
789 2002 856 2068 tiro,

223 2084 318 2154 Quem
342 2086 408 2143 nisu
431 2082 526 2144 valido
550 2082 653 2161 dejicit
673 2083 726 2143 ille
749 2083 821 2145 solo.

178 2169 216 2228 At
238 2169 327 2228 miser
352 2167 474 2227 intuitus
495 2168 608 2227 instare
631 2166 763 2244 pericula
786 2170 900 2237 mortis,

222 2252 387 2314 Committit
409 2249 482 2311 nulli
505 2250 563 2311 lata
586 2251 707 2311 sinistra
730 2254 802 2328 spei.

177 2338 313 2417 Denique
336 2336 456 2398 victori:
480 2353 597 2413 precor,
620 2334 804 2396 invidissime
827 2334 913 2396 miles
1104 2346 1153 2395 535

219 2422 390 2483 Extinctum
412 2419 605 2498 patrimum
628 2418 764 2488 cadaver,
788 2419 837 2479 ait.

245 2691 305 2743 515,
324 2688 393 2753 Spes
417 2687 492 2736 mala
511 2702 597 2750 saepe
615 2686 687 2737 bono
706 2688 724 2737 l.
744 2687 764 2740 f.
782 2713 816 2722 -
835 2686 886 2738 Ov.
904 2688 973 2740 Her.
992 2688 1071 2752 XIII,
1093 2688 1152 2742 124.

355 2754 424 2819 Spes
442 2755 515 2805 bona
533 2753 654 2804 sollicito
673 2756 749 2805 vieta
768 2756 866 2805 timore
886 2755 970 2805 eadit.

177 2826 236 2876 atr.
256 2823 308 2874 Ov.
327 2823 393 2872 Her.
412 2822 459 2881 VI,
481 2823 529 2871 140

347 2889 506 2951 Quamlibet
523 2888 603 2938 iratis
621 2889 683 2953 ipse
702 2888 751 2938 11111
769 2903 846 2938 erma
865 2888 951 2945 dolor.

177 2957 289 3012 Guelth.
307 2957 384 3008 Alex.
403 2957 454 3019 111,
475 2959 522 3007 113

413 3025 527 3076 Excitet
545 3022 684 3073 interdum
701 3023 776 3081 vires
794 3021 879 3073 dolor.

176 3111 235 3163 524.
254 3110 388 3175 Marginis
407 3108 540 3159 scholion.
566 3109 624 3159 Nec
641 3107 737 3156 mirum
756 3105 827 3169 quod
844 3110 904 3161 tota
918 3106 963 3156 die
977 3109 1153 3172 pugnaverat

175 3187 204 3227 et
226 3177 321 3227 hostes
339 3177 490 3238 occideret,
514 3190 564 3226 nce
584 3174 656 3240 quod
680 3189 745 3224 cero
763 3176 822 3223 eius
840 3188 929 3224 aenea
948 3179 996 3223 aut
1016 3173 1151 3224 fortitudo

176 3243 237 3309 ejus
256 3247 345 3297 minor
362 3258 445 3309 quam
463 3242 594 3294 fortitudo
613 3240 695 3291 illius.
732 3240 814 3292 Ovid.
833 3241 915 3293 Trist.
933 3242 981 3303 IV,
1000 3243 1025 3304 d,
1043 3243 1075 3290 31

310 3312 421 3363 Fortior
439 3312 468 3360 in
486 3311 562 3361 fulva
580 3323 668 3359 novus
687 3313 730 3359 est
747 3309 870 3359 luctator
888 3322 985 3370 arona,

344 3381 434 3443 Quam
453 3378 497 3429 cui
515 3384 579 3429 sunt
596 3375 681 3426 tarde
699 3375 816 3427 brachia
834 3376 912 3426 iesse
929 3390 1016 3425 mora.

172 3450 232 3500 634.
251 3450 313 3505 cod.
332 3451 459 3501 sinestra.
