2509 3917
202 203 242 269 16
527 202 589 252 uro.
608 204 627 253 1.
658 218 682 251 v.
703 203 844 262 rsa-,rsa

201 358 235 419 iu
258 355 381 436 specuio
403 356 512 416 mentis
534 361 650 432 captam
672 354 752 414 videt
772 354 824 416 iile
847 370 981 413 sororem

244 443 281 504 Et
303 443 429 502 fratrum
452 440 566 518 pariter
589 439 802 517 interitumque
825 440 929 516 patris.

201 526 320 605 Colligit
341 529 487 585 introrsus
509 541 558 585 res
580 532 690 602 raptas,
714 523 832 583 moenia
854 524 958 593 fracta,

245 613 345 689 Seque
367 608 503 670 dolorosa
525 609 704 669 sustinuisse
727 606 848 684 probra.

201 696 377 775 Opportuna
400 703 501 754 tamen
523 711 576 753 rex
599 702 704 754 nactus
726 700 875 771 tempora3
899 709 1025 771 „pensa

246 777 303 850 Oh,
328 780 377 846 ait,
401 781 549 847 Auten0r;
573 794 649 853 quae
671 775 726 837 tibi
748 775 838 838 verba
860 772 981 855 loquor:

202 864 320 945 Optime
342 865 387 923 vir
409 863 502 932 uosti;
525 880 611 940 quae,
634 868 742 939 quauta
765 861 911 922 calumnia
934 859 1022 921 uobis

245 949 318 1009 Lata
340 948 413 1007 sita
437 946 568 1007 Graecis.
614 946 787 1007 Intumuere
811 947 908 1013 minis,

203 1033 270 1095 Non
292 1031 411 1093 suffecit
433 1031 486 1100 eis,
509 1037 630 1091 nostros
653 1032 800 1107 attingere
822 1031 897 1090 flues

245 1118 350 1194 Magna
374 1133 442 1176 eum
464 1113 582 1194 populis
604 1114 781 1194 applicuisse
803 1121 878 1174 rate.

204 1200 284 1270 bixi;
309 1217 377 1259 cum
400 1199 517 1278 popuiis
540 1199 681 1260 deberem
704 1198 805 1259 dieere
827 1199 955 1277 pompis,

245 1285 349 1363 Magna
372 1284 536 1344 debueram
560 1283 662 1344 dicere
685 1284 881 1361 magnanima.

202 1368 337 1450 Denique
359 1371 550 1447 magnanimo
574 1367 735 1443 calcarunt,
760 1370 851 1428 immo
874 1363 1005 1447 superbo

246 1455 314 1515 Mox
336 1460 370 1513 ut
391 1471 511 1523 venere,
535 1451 621 1513 iitora
644 1459 745 1513 nostra
767 1452 857 1529 pede;

203 1540 331 1619 iusuper
352 1536 496 1599 insultum
520 1536 620 1597 iecere
643 1538 798 1598 minaciter
821 1534 904 1615 urbi3

246 1623 442 1684 lucousuetus
465 1629 528 1682 erat
549 1622 617 1681 taiia
641 1620 752 1700 probra
775 1620 845 1700 pati.

204 1706 241 1767 Et
264 1725 301 1766 ne
324 1712 467 1783 concepta
490 1704 569 1783 quod
593 1705 631 1764 ab
654 1706 804 1783 impietate
828 1704 954 1772 deesset,

247 1790 373 1850 Ferrum
396 1790 582 1849 strinxerunt
602 1790 634 1847 in
658 1790 751 1867 patris
774 1806 825 1848 ora
849 1790 919 1849 mei.

204 1873 341 1935 Mortuus
364 1878 416 1942 est,
442 1881 471 1932 et
492 1878 563 1931 tuuc
585 1873 615 1930 in
640 1875 758 1933 moenia
780 1879 881 1933 nostra
903 1877 1028 1933 ruentes

247 1961 441 2019 Innumeram
464 1957 605 2034 praedam
627 1975 686 2017 non
710 1959 775 2018 siue
798 1955 888 2018 caede
910 1964 1041 2037 patrant,

205 2041 388 2121 Oaptiraudo
411 2058 509 2101 meam
532 2058 634 2102 secum
657 2040 768 2102 duxere
790 2059 934 2109 sororem,

248 2126 324 2186 Tum
347 2144 438 2204 quum
460 2143 493 2186 se
515 2128 628 2204 patriae
650 2127 809 2187 restituere
830 2143 910 2189 suae.

205 2210 297 2272 irasci
319 2212 427 2271 merito
450 2207 590 2270 deberem
614 2208 732 2279 taiibue,
756 2210 845 2270 immo

202 2351 204 2355 ,
249 2294 358 2364 Debeo,
382 2295 525 2355 conticuit
547 2302 649 2355 nostra
673 2294 792 2372 querela
816 2292 877 2353 diu.

207 2379 339 2442 Ul’eisoar
362 2397 440 2449 vero,
464 2378 516 2439 sed
540 2378 729 2441 dissimulare
752 2377 857 2439 valebo

249 2463 364 2533 Cetera,
387 2466 412 2524 si
435 2462 496 2524 sola
520 2464 690 2524 conditione
712 2465 810 2523 iruar:

205 2547 359 2609 Reddatur
381 2549 494 2625 captiva
516 2565 611 2617 soror,
635 2551 696 2607 siut
717 2546 808 2607 aitera
831 2548 928 2625 paeis;

250 2632 281 2692 Si
304 2633 414 2699 minus,
438 2629 562 2691 hostiles
584 2634 722 2709 protinus
744 2631 819 2692 adde
841 2634 946 2693 minas.

206 2716 353 2777 Antenor!
376 2720 425 2774 tua
449 2715 521 2774 dicit
540 2714 696 2786 idoneitas,
721 2716 800 2792 quod
823 2715 860 2776 ad
882 2717 954 2776 istas

250 2799 400 2878 Suscipias
423 2816 539 2878 operas,
564 2817 636 2878 ergo
658 2809 779 2878 paratus
803 2808 885 2861 eas.“

205 2885 338 2945 Antenor
360 2882 493 2962 parendo
516 2894 602 2963 parat
623 2887 826 2946 conscendere
848 2903 962 2953 navem,

251 2968 408 3029 velificans
431 2967 577 3028 Graecum
600 2971 727 3047 contigit
747 2968 796 3029 iile
819 2968 926 3029 solum.

207 3052 310 3129 Pergit
331 3049 521 3130 Magnesiam,
537 3053 726 3134 ¹Peleumque
750 3052 864 3123 salutat,
889 3052 929 3113 ibi
952 3061 1014 3114 tres

249 3136 374 3197 Hortaiu
396 3133 476 3195 Pelei
499 3138 698 3199 continuando
722 3137 796 3199 dies.

206 3219 329 3281 inchoat
350 3221 483 3281 Antenor
504 3239 621 3281 eausam
646 3224 774 3283 recitare
795 3221 907 3283 laboris

139 3377 146 3388 ¹
250 3305 387 3386 ibiquod
411 3304 450 3364 ob
473 3305 639 3386 Hesyonem
663 3309 777 3387 ceperit
798 3308 861 3385 ipsa
884 3310 971 3367 viam.

276 3475 333 3541 168.
351 3488 463 3557 Margo:
482 3491 587 3544 incons.
607 3507 705 3559 nempe
723 3496 812 3558 peter.
