2509 3917
428 191 491 243 Lib.
510 192 544 242 11.
580 208 604 244 v.
626 193 768 243 las—150.

119 341 249 403 Sudavit
271 343 384 403 nostris
406 361 461 421 pro
483 351 512 401 tc
535 341 732 404 Raimuudusl
756 347 787 403 iu
810 346 913 412 armis:

146 425 230 505 ‚Scit
252 424 306 485 tibi
328 426 376 486 bis
399 426 475 487 binis
498 429 542 486 ire
565 427 708 506 quadriga
730 429 815 488 rotis.

121 509 262 587 Occupat
283 518 446 571 extremum
469 510 594 578 scabies,
619 513 689 586 quia
711 511 796 572 ducis
818 514 848 571 in
871 510 967 572 aulam
1039 520 1088 569 125

122 593 127 598 ’
166 594 354 674 Proscriptus
376 594 595 655 nostram-rem
617 595 772 655 recitando
793 612 886 657 ream.
929 635 936 644 κ

118 678 178 737 Est
198 677 252 737 tibi
274 681 486 755 grammaticae
509 680 598 739 nimis
620 688 701 739 artus
724 680 830 740 fertilis
852 679 965 751 hortus,

166 761 223 831 Qui
246 762 356 841 quibus
378 770 409 822 et
430 762 546 842 quabus
568 780 656 821 omne
679 766 831 825 ministrat
853 763 927 825 olus.

120 847 165 904 An
190 863 249 905 nou
272 846 440 922 proverbe
463 847 594 907 didicisti
617 865 738 907 sumere
760 847 883 909 verbum

166 929 205 990 Ut
226 938 347 990 teneant
369 933 523 1008 proprium
546 930 662 1006 singula
676 948 822 1008 *quaeque
843 932 960 994 locum?
1036 941 1087 993 lto

114 1014 258 1073 Territus
280 1014 326 1073 his
345 1013 461 1091 jaculIs,
484 1017 595 1074 cessavi
617 1033 744 1092 ponere:
767 1018 892 1094 perti-

165 1097 226 1157 Nax
250 1115 366 1176 ponens
388 1099 451 1159 eius
474 1100 593 1158 nominc
616 1107 716 1159 mente
735 1109 835 1160 tenax.

114 1179 279 1241 Crudelem
302 1183 326 1239 si
349 1183 417 1242 dico
440 1184 544 1251 virum,
569 1184 594 1243 si
616 1182 683 1242 dico
705 1183 820 1244 virilem

165 1263 218 1324 Vel
240 1267 265 1326 si
289 1267 428 1335 virosum,
452 1266 579 1326 sustinet
600 1265 650 1327 illa
673 1275 812 1328 metrum.

405 1444 526 1500 uanus
544 1446 802 1505 seruaturus.
832 1421 837 1430 ’

117 1568 178 1627 Pes
200 1568 293 1628 scitus
315 1574 344 1628 et
366 1566 508 1647 querulus
531 1568 647 1629 [laneos
668 1568 857 1631 convulserat
878 1589 981 1630 omnes
1035 1581 1084 1630 135

162 1651 240 1712 Belli
261 1653 421 1730 participes
443 1652 601 1713 aedillcare
622 1660 713 1721 rates,

114 1734 222 1795 Currit
243 1737 279 1796 ad
301 1736 439 1797 incudem
461 1740 581 1817 quaevis
603 1736 769 1816 reparanda
792 1735 938 1818 bipennis,

162 1819 285 1880 lllalleus
306 1819 398 1898 afiligi
419 1838 452 1881 se
474 1820 555 1881 dolet
575 1831 640 1882 arte
662 1821 750 1882 fabri.

117 1903 256 1966 Runciua
279 1903 381 1964 lambit
402 1922 495 1984 aquas
518 1913 547 1966 et
569 1906 642 1965 lerri
664 1913 805 1985 provocat
825 1907 895 1977 iras,

161 1988 201 2049 Ut
222 1989 294 2066 ligui
315 1988 451 2049 manibus
473 1999 586 2066 pugnet
608 1992 640 2049 in
663 2008 750 2051 omne
773 2010 888 2055 nemus.
1034 2001 1083 2049 140

117 2070 276 2151 Nunquam
300 2073 453 2133 conterret
473 2081 518 2133 tot
540 2073 613 2134 silva
636 2074 792 2135 manubria
815 2076 906 2147 ferro,

162 2156 194 2216 Si
217 2174 269 2217 sua
291 2160 383 2234 sciret
404 2158 587 2218 eo'maxima
610 2158 716 2220 damna
740 2159 815 2219 data.

117 2240 184 2300 ltur
204 2242 236 2299 in
258 2243 406 2321 antiquam
429 2241 546 2309 silvam;
569 2241 706 2320 conjurat
727 2244 758 2302 in
780 2243 873 2321 ipsam

161 2324 311 2386 Plurimus
334 2335 363 2386 et
385 2326 497 2404 pariter
519 2325 632 2405 absque
652 2336 756 2404 tepore
778 2327 872 2389 taber.

117 2407 274 2469 lusolitum
296 2411 408 2488 patitur
429 2412 520 2488 pinus
541 2417 640 2471 secata
663 2412 770 2479 securi,
1032 2420 1082 2469 14t

160 2493 399 2570 immensamque
421 2511 515 2554 ruens
537 2502 664 2572 occupat
685 2511 778 2554 ornus
799 2494 932 2556 humum.

117 2577 165 2637 Pit
186 2578 289 2654 lragor
310 2579 342 2637 in
364 2577 454 2645 silvis,
478 2581 539 2638 taxi
561 2586 739 2658 torquentur
761 2580 791 2639 iu
813 2596 910 2650 arcus,

160 2661 289 2721 Currere
311 2664 392 2738 cogit
414 2680 489 2741 opus
511 2659 707 2741 multiplicata
730 2682 844 2725 manus.

117 2744 151 2804 ln
176 2745 299 2806 classem
322 2745 402 2806 cadit
423 2764 511 2806 omne
533 2765 649 2815 nemus,
673 2746 750 2808 volat
772 2749 803 2808 iu
827 2767 909 2809 maro
931 2766 1060 2827 quercus

161 2828 286 2890 Portant
307 2831 437 2890 insuetas
461 2839 545 2892 taxus
569 2840 599 2891 et
620 2831 707 2892 alnus
729 2850 835 2912 aquas:
1032 2842 1091 2891 150*

186 3065 243 3115 123.
270 3064 332 3127 quis
357 3063 396 3114 sit
421 3064 467 3115 hic
489 3065 677 3128 Reymundus‚
700 3067 845 3117 nescimus.
916 3068 974 3120 125.
992 3064 1081 3132 prime

115 3147 182 3195 pers
201 3135 245 3181 est
262 3131 376 3183 Horatii
398 3134 429 3183 Α.
447 3133 478 3182 Ρ.
496 3134 555 3183 417.
628 3135 684 3184 117.
713 3135 744 3183 in
764 3136 902 3200 mergium
929 3136 997 3199 quie
1019 3150 1081 3199 per·

115 3199 194 3248 tinax
212 3200 242 3247 in
258 3203 376 3252 metrum
393 3200 459 3264 poni
477 3216 530 3250 nou
547 3206 651 3265 potest.
687 3205 743 3255 142.
762 3202 977 3266 dateprodato.
1021 3204 1079 3256 143.

113 3266 147 3315 it.
165 3267 196 3315 in
214 3270 272 3315 ent.
294 3263 364 3329 sylv.
384 3283 399 3317 e
417 3266 517 3331 Virgil.
536 3271 606 3321 Aen.
625 3269 674 3331 VI,
693 3271 751 3319 179.
824 3272 881 3320 144.
905 3269 977 3320 0011
989 3270 1082 3319 Pruri-

113 3348 181 3384 mus.
236 3336 294 3387 145.
307 3331 373 3383 cna.
386 3333 535 3385 insolitam.
588 3337 645 3390 147.
664 3336 715 3387 Or.
725 3339 791 3391 Met.
803 3339 823 3399 Ι,
835 3338 894 3388 268.
912 3337 958 3385 Fit
976 3335 1079 3399 fragor.

112 3399 191 3465 Virg.
208 3401 288 3455 Geor.
299 3400 335 3462 11,
349 3403 591 3466 diatessarum
610 3418 667 3457 arc.
719 3406 778 3456 149.
795 3405 919 3456 Gualter.
933 3401 1079 3452 Alexandr.

113 3468 148 3530 X,
174 3469 237 3518 188:
273 3467 306 3518 In
330 3469 447 3519 classem
468 3470 544 3520 eadit
563 3485 642 3520 omne
661 3486 769 3534 nemus,
793 3475 887 3535 stupet
905 3483 971 3518 aera
988 3467 1080 3519 tellus.
