2509 3917
423 196 485 246 Lib.
504 196 526 245 Ι.
561 210 587 246 v.
607 196 749 247 189-223.

96 348 224 410 Addidit
247 357 277 409 et
297 348 410 409 vultum
434 347 544 416 verbis,
567 349 735 426 iterumque
757 349 882 425 rogavit,

146 434 208 494 Iret
229 439 263 494 ut
284 431 320 493 ad
342 435 455 512 patrios
476 441 560 511 rapta
584 431 682 510 puella
706 431 787 492 deos.

97 518 279 579 Auscultans
301 517 408 579 Peleus
429 516 593 594 levipendit
613 516 704 576 rerba
726 516 885 594 loquentis,

145 602 184 663 Et
206 619 344 662 sermone
366 601 450 662 brevi
473 600 572 679 coepit
594 604 710 679 etipse
733 598 823 677 loqui.
907 627 912 642 =

96 685 180 756 Quid
203 704 294 764 super
316 686 472 765 Hesyouae
495 703 573 746 nunc
595 685 764 745 redditione
787 682 910 753 solutae,

147 771 228 831 Haec
252 772 348 831 estin
372 778 475 830 nostro
497 776 619 849 pectore
642 787 714 830 cura
737 770 845 828 minor.

101 854 137 915 ln
159 856 285 934 patriam
309 862 422 934 petere,
447 863 622 934 nostrasque
645 854 816 933 relinquere
838 853 933 921 sedes,
1022 861 1071 911 195

148 937 263 1009 Dicere,
288 938 367 1015 quod
391 940 479 1000 cessit
499 940 556 998 ista
580 937 710 1018 querela,
734 945 828 1016 potes.

101 1022 158 1083 Est
178 1021 264 1083 tellus
288 1031 317 1084 et
340 1022 416 1083 dicta
440 1023 550 1092 Boetia,
575 1041 651 1102 quae
674 1020 852 1083 Salaminam

147 1106 300 1178 Contineo
323 1106 455 1169 Antenor
478 1106 553 1168 hanc
577 1113 606 1167 et
628 1108 710 1168 adire
734 1107 840 1168 studet.

100 1191 158 1251 Hic
180 1191 352 1252 Telamonis
373 1199 437 1252 erat
458 1191 610 1267 habitatio,
635 1193 752 1272 quaerit
773 1190 916 1261 eundem;

145 1276 277 1343 Invenit;
301 1276 421 1336 invento
444 1278 487 1336 sic
510 1275 689 1353 querulosus
712 1279 767 1336 ait:

101 1359 129 1421 Ο
152 1360 310 1421 Telamon!
333 1378 403 1422 reor
427 1378 491 1421 esse
514 1362 605 1430 nefas,
629 1361 708 1440 quod
732 1360 790 1420 lilia
813 1362 894 1437 regis

146 1444 208 1505 Hac
231 1446 316 1521 quasi
338 1447 451 1524 captiva
474 1445 642 1506 detineatur
665 1445 767 1507 humo,

102 1527 129 1589 Ο
151 1527 311 1589 Telamon!
335 1532 399 1607 regi
421 1528 576 1608 spoliatam
599 1528 691 1589 redde
715 1545 858 1594 sororem,

146 1612 282 1674 Dedecus
304 1613 360 1673 hoc
383 1615 509 1693 spolium
534 1612 724 1675 dissimulare
747 1612 860 1674 ducem.

101 1693 133 1757 θ’
150 1696 306 1758 Telamon!
329 1699 405 1759 iuste
427 1698 608 1759 reddendam
633 1698 725 1757 redde
747 1694 886 1776 puellam,

145 1779 211 1841 Non
233 1787 278 1842 est
299 1780 409 1844 iniusta
431 1784 540 1862 praeda
564 1783 693 1844 tenenda
715 1781 778 1842 tibi.

101 1864 260 1944 Extemplo
283 1865 369 1928 miles
391 1868 546 1946 respondit
567 1869 603 1928 ad
627 1867 705 1927 istud
730 1872 759 1926 et
780 1866 859 1926 istis:

17 1947 19 1956 '
147 1948 234 2010 Esset
257 1950 292 2010 ad
315 1950 381 2021 hoc,
404 1970 423 2012 o
445 1952 505 2011 vir!
528 1950 687 2012 obticuisse
709 1952 816 2029 pudor.

102 2033 248 2094 Antenor!
272 2036 342 2114 quia
363 2035 421 2096 filia
444 2037 525 2114 regis
548 2034 675 2097 habetur
698 2035 776 2112 apud
800 2052 864 2104 nos,

144 2116 184 2177 Ut
205 2113 275 2195 pote
297 2122 436 2189 victores,
460 2137 519 2182 non
542 2138 611 2181 reor
633 2139 697 2181 esse
719 2119 811 2180 netas.

102 2202 247 2263 Antenor!
271 2205 297 2263 si
320 2204 485 2265 dissimulet
506 2222 568 2274 rex,
591 2223 686 2266 necne
709 2203 839 2283 puellam

144 2285 203 2346 Pro
225 2288 334 2348 virtute
358 2296 422 2350 mea
445 2289 572 2350 reddere
595 2287 664 2349 nolo
686 2290 794 2349 datam.

102 2369 249 2432 Antenor!
271 2373 347 2432 iuste
370 2373 541 2452 praedatam
564 2374 675 2451 praedo
697 2370 826 2439 tenebit;

145 2455 218 2516 Tam
242 2455 319 2517 bona
344 2465 515 2518 constanter
537 2457 647 2536 praeda
670 2456 796 2516 tenenda
820 2455 886 2516 luit.

102 2539 182 2618 Ergo
204 2540 286 2608 redi;
311 2542 431 2603 rediens
453 2543 490 2602 de
511 2541 622 2603 tinibus
646 2559 720 2601 exue
743 2541 879 2607 nostris;'

145 2623 211 2684 Non
233 2623 324 2686 hahet
346 2627 492 2696 effectum,
517 2626 597 2705 quod
619 2627 715 2703 geris;
740 2642 812 2703 ergo
834 2624 908 2684 redi.

103 2708 225 2779 Quaerit
245 2708 398 2771 Pollucem
422 2714 489 2772 eum
512 2711 647 2771 Castore:
671 2710 799 2790 deinque
821 2715 959 2787 precatur

144 2793 318 2875 Hesyonem
340 2794 426 2855 reddi
448 2794 629 2872 proficiendo
652 2794 736 2855 nihil.

103 2874 142 2937 Ut
162 2885 246 2955 rapta
270 2884 429 2947 taceamus,
453 2882 503 2948 ait,
527 2880 564 2939 de
585 2880 715 2957 virgine;
739 2887 840 2939 nostra

145 2960 261 3042 Dppida
283 2963 422 3041 fregistis,
446 2964 607 3042 diripuistis
629 2982 713 3043 opes,

101 3045 228 3107 Causam
251 3064 311 3107 non
334 3046 438 3109 habuit
458 3048 566 3127 injuria
588 3055 680 3117 tauta,
703 3044 830 3128 puellam

144 3130 279 3201 Reddite,
302 3150 356 3192 rex
378 3130 503 3209 reliqua,
528 3134 586 3193 sint
608 3132 691 3210 quasi
717 3130 807 3201 nulla,
831 3130 906 3191 silet.

99 3214 115 3276 1
135 3216 251 3295 procul,
267 3212 295 3295 gi,
319 3216 439 3288 dicunu
462 3234 522 3277 non
545 3224 590 3278 est
613 3216 665 3277 tibi
687 3216 757 3276 tibia
782 3216 863 3284 tanti,

169 3419 230 3471 21⁷.
248 3418 316 3469 Mac.
335 3434 479 3484 perperam
497 3419 630 3483 Nestore,
655 3435 736 3486 quum
755 3419 879 3471 Antenor
895 3435 921 3474 v.
939 3419 990 3469 233
1008 3432 1068 3485 sqq.

97 3484 248 3536 Nestorem
267 3487 437 3554 aggreditur.
473 3488 564 3540 Dares
581 3492 658 3540 recte
677 3488 762 3540 habet
779 3485 884 3538 Castor.

151 3565 247 3618 Troilus.
654 3600 658 3607 -
847 3572 863 3619 2
