2509 3917
205 181 265 245 192
504 185 566 238 aaa.
588 186 636 235 vr.
674 201 700 239 v.
719 188 865 241 rea-rao.

201 336 258 396 'lot
280 335 382 415 positis
404 335 537 396 numeris
560 337 648 396 etiam
672 338 799 398 tortasse
821 339 960 417 requiris,

245 420 375 480 Currere
397 420 551 481 versiculis
573 429 646 499 quot
670 418 746 497 liber
768 423 823 482 iste
847 423 928 483 velit:

201 503 252 564 Bis
274 502 359 564 denis
381 502 457 563 adde
480 512 526 563 ter
548 513 669 565 centum
693 504 781 565 millia
805 506 946 585 quinque,

245 586 308 647 lloa
330 604 454 647 numero
477 597 578 649 textus
602 592 715 650 texitur
738 590 886 650 historiae.

444 800 714 873 [cornamento
733 802 927 874 annania]

201 924 223 983 Α
248 923 370 1002 campis,
394 923 446 983 ubi
468 923 556 1003 Troja
580 926 648 993 luit,
671 924 824 986 discedere
846 926 943 987 vietor

243 1006 358 1085 Cogitat
380 1016 410 1068 et
431 1011 582 1086 propriam
606 1012 704 1069 visere
726 1010 856 1071 Graecus
878 1009 1019 1079 humum;
1116 1020 1131 1039 ⁹

202 1089 276 1152 Tota
299 1090 460 1161 ferebatur,
485 1110 643 1152 numerum
667 1111 743 1169 quae
766 1096 850 1173 copia
872 1095 950 1163 vicit
1214 1095 1215 1102 ’

243 1174 287 1235 Ad
309 1173 438 1236 latebras
460 1178 568 1237 ratium
592 1177 701 1255 praeda
725 1177 857 1238 vehenda
880 1178 1012 1239 domurn.

201 1258 349 1319 Redditur
371 1261 485 1320 interea
507 1259 641 1321 Menelao
664 1272 745 1323 uasta
768 1260 880 1325 locusta

243 1344 398 1404 Deteriore
421 1353 497 1404 statu
520 1354 625 1423 sponte
646 1344 743 1423 jocata
767 1347 826 1406 diu.

200 1428 342 1488 Foemina
365 1427 454 1504 digua
477 1432 553 1488 mori
575 1429 748 1491 redametur
771 1450 872 1492 amore
895 1432 996 1514 priori

242 1511 365 1572 Reddita
389 1513 495 1572 victori
519 1511 689 1593 delitilsqua
712 1517 778 1575 tori.

203 1595 294 1656 Saeva
317 1595 396 1675 quod
420 1597 528 1663 evadis,
551 1614 611 1657 nou
634 1598 743 1658 tradita
766 1609 865 1659 cetera
889 1598 991 1667 tradis,

242 1679 303 1740 Cur
324 1698 375 1740 raa
398 1687 431 1741 tu
454 1681 545 1741 cladis
566 1700 626 1741 non
650 1700 767 1761 quoque
790 1681 873 1743 olade
896 1683 986 1742 cadis.

200 1762 232 1822 Si
255 1762 349 1823 iueris
371 1763 440 1835 lota,
464 1766 490 1825 si
511 1768 569 1825 vito
593 1783 722 1845 sequens
744 1765 821 1826 bona
846 1775 903 1827 tota

241 1845 307 1906 Non
330 1848 390 1907 eris
412 1849 522 1924 ignota,
548 1867 607 1908 non
631 1855 691 1910 eris
714 1850 825 1929 alisque
847 1860 928 1909 nota.

199 1930 311 1991 Rumor
333 1931 369 1991 de
392 1935 487 1994 reteri
509 1933 596 1994 faciet
619 1943 741 1995 ventura
766 1936 874 2003 timeri,

244 2013 316 2075 Cras
337 2018 448 2094 poteris
471 2017 534 2077 lieri
557 2018 670 2096 perllda
693 2020 770 2079 sicut
790 2019 864 2079 lteri

199 2095 265 2168 Ouo
287 2098 378 2160 semel
402 2108 447 2160 est
468 2098 582 2162 imbuta
606 2120 722 2175 recens,
746 2101 875 2163 servabit
895 2102 1029 2171 odorem,

241 2182 279 2243 Ut
300 2185 383 2263 quasi
405 2194 565 2244 coneretus
586 2189 626 2246 sit
648 2184 714 2252 sibi.
737 2195 813 2247 testa
835 2186 895 2247 diu.

201 2266 284 2338 Quod
308 2267 417 2346 pubem
441 2269 519 2328 virus
541 2268 707 2339 maculavit,
731 2279 818 2331 renat
839 2274 870 2330 in
892 2269 967 2338 illis;

244 2352 276 2412 ln
299 2352 410 2430 qulbus
432 2359 461 2412 et
483 2361 578 2427 canet,
602 2356 814 2415 convenienter
836 2354 930 2425 obita

200 2435 273 2496 Nom
297 2435 443 2496 medicina
466 2435 544 2504 silet,
569 2437 620 2497 ubi
644 2439 739 2498 morbi
762 2457 850 2500 causa
873 2438 995 2508 silescit,

241 2520 371 2580 Horrent
393 2520 527 2581 admotas
549 2520 672 2582 vulnera
695 2523 786 2583 cruda
808 2541 923 2584 manus.
953 2587 956 2592 ,

198 2602 316 2664 Tollere
340 2604 483 2664 nodosam
505 2607 599 2665 nescit
623 2606 770 2667 medicina
793 2607 966 2686 podagram,
1067 2633 1073 2641 ·

241 2686 303 2746 Neo
326 2686 379 2748 tibi
403 2697 573 2751 concretam
597 2693 681 2769 potio
705 2690 784 2751 nulla
807 2700 918 2752 notam.
1118 2701 1171 2749 aad

199 2839 402 2847 ...υ-’,ψ

266 2922 323 2971 738.
342 2921 450 2985 Margo:
470 2928 587 2989 excepto
606 2926 745 2987 prooemio
766 2930 794 2977 et
807 2925 948 2991 capitulis.
984 2927 1042 2975 753.
1056 2926 1173 2991 Margo:

197 2987 313 3039 looasta.
327 2987 443 3038 Helena.
497 2992 623 3041 ita-50.
637 2992 753 3058 Benign.
771 2992 859 3044 excid.
877 2991 978 3058 Trojao
991 2994 1104 3055 25-30,
1123 2994 1174 3044 ubi

197 3061 289 3105 tamon
307 3071 333 3105 v.
347 3057 388 3106 25.
407 3071 456 3120 pro
474 3058 561 3107 nostri
579 3058 772 3119 ‚.redamatur“
791 3060 976 3122 ‚,remeatnr“.
1029 3062 1089 3111 748.
1110 3061 1174 3111 cod.

197 3138 245 3173 our
264 3138 309 3173 rea
327 3122 423 3173 eladis.
471 3126 528 3174 751.
547 3128 589 3179 62.
607 3125 725 3190 Benign.
745 3127 832 3177 excid.
852 3126 927 3190 Troj.
946 3131 987 3179 33.
1006 3128 1049 3187 34,
1073 3132 1174 3178 tamen

197 3207 224 3240 v.
242 3192 275 3241 34
302 3190 435 3255 ‚‚turpia“
461 3207 510 3256 pro
537 3193 625 3242 nostri
648 3193 800 3257 „perfida“.
904 3197 962 3246 758.
989 3196 1031 3246 54.
1055 3195 1176 3245 Horatii

198 3262 270 3306 sunt.
288 3257 376 3321 Epist.
394 3257 415 3313 1,
435 3259 460 3319 2,
479 3260 520 3311 69.
540 3261 580 3308 70.
651 3263 708 3309 757.
726 3276 821 3324 margo
841 3278 889 3327 pro
908 3264 1036 3313 senescit.

198 3325 256 3373 ⁷59.
275 3324 324 3373 Or.
345 3337 359 3372 a
385 3322 465 3371 Pont.
482 3323 505 3383 1,
522 3325 547 3383 Β,
567 3326 606 3377 23,
625 3327 659 3372 24
844 3382 848 3387 ,

333 3388 444 3438 Tollere
463 3387 593 3438 nodosam
611 3393 703 3440 nescit
721 3393 859 3442 medicina
877 3395 1028 3461 podagram

366 3454 421 3502 Neo
439 3452 594 3502 formidatis
612 3456 761 3506 auxiliatur
779 3460 867 3523 aquis.
