2509 3917
214 156 276 221 130
527 158 588 209 uio.
606 159 654 213 1v.
682 173 708 209 v.
726 154 870 211 eac-ees.

255 311 403 388 Perpetua
426 308 541 372 studuit
561 310 730 388 virginitate
754 310 822 371 lrui.

216 396 369 474 Europam
391 394 478 455 simul
502 401 532 455 et
554 395 652 455 Asiam
675 393 819 456 domuere
840 402 989 474 potenter,

259 479 408 541 Maximus
430 478 501 540 hinc
524 478 589 540 orbi
612 479 706 539 crevit
727 480 847 558 utrique
868 479 972 549 timor:

215 562 300 624 Unde
322 562 439 624 solebat
461 580 512 623 eas
534 579 551 623 e
573 562 652 624 bello
674 565 758 642 copia
782 562 919 642 praedae,

257 646 396 725 Captirus
419 646 555 727 populus,
578 645 672 724 gloria
696 664 801 725 magna
823 648 917 725 sequi,
1068 717 1073 723 ,
1135 658 1189 707 auu

213 731 388 794 Formidant
410 747 513 809 regua,
537 733 649 809 premit
670 731 826 792 admiratio
848 730 1007 793 mundum:

255 816 364 876 Totum
387 816 537 876 ioeminea
559 815 695 876 membra
718 814 841 877 domare
863 815 970 879 solum.
1040 833 1043 838 ·

212 900 375 961 Aedillcaut
397 899 545 978 Ephesum
569 899 821 976 memorandaque
843 901 978 970 moenia:
1001 901 1098 971 solae,

253 985 296 1045 [le
318 982 424 1062 quihus
446 983 571 1061 insignis
593 985 672 1044 lama
695 983 820 1054 volabat,
843 994 939 1044 eraut.
1240 1055 1241 1058 Ἴ

210 1070 329 1145 istaque
351 1068 469 1128 duravit
490 1070 576 1128 anuis
599 1070 720 1129 victoria
743 1076 872 1136 centum,
1137 1079 1189 1128 885
1240 1103 1241 1134 t

252 1151 345 1213 Durat
367 1151 463 1213 adhuc
484 1150 564 1229 quod
586 1149 677 1212 habet
698 1150 778 1212 nulla
802 1151 884 1214 virile
905 1151 1023 1231 jugum.

211 1235 473 1315 Amphytrionides
495 1235 565 1296 licet
586 1236 801 1297 invictissimus
824 1243 910 1306 esset,

252 1319 372 1382 Viribus
392 1320 529 1401 inpetere
551 1336 611 1380 nou
635 1328 700 1381 erat
721 1338 812 1382 ausus
833 1338 893 1381 eas.

210 1403 373 1466 ealliditate
396 1404 489 1482 magis
511 1410 557 1464 est
578 1420 660 1472 uuus,
683 1403 794 1465 robore
815 1404 912 1484 plenis

221 1503 225 1508 ·
252 1488 364 1549 Dicitur
386 1487 434 1547 his
455 1486 570 1549 ratibus
592 1488 771 1567 applicuisse
794 1507 909 1550 novem.
1135 1497 1188 1548 870

210 1572 339 1634 Narrant
360 1575 508 1650 Antiopen
530 1580 602 1632 tuuc
623 1571 836 1652 orithyamque
860 1572 953 1634 luisse

253 1656 350 1736 Supra
372 1656 450 1717 sicut
470 1654 573 1725 habes,
596 1657 627 1717 iu
650 1653 763 1717 ditione
784 1675 885 1737 pares.

211 1739 256 1800 Ex
277 1741 432 1819 inopinato
453 1741 529 1820 petit
549 1738 605 1801 has
626 1738 796 1801 Alcmeuica
819 1741 929 1821 proles,

254 1823 365 1893 Caedit,
388 1825 553 1904 prosternit
574 1841 631 1884 nec
654 1826 721 1885 aine
743 1832 844 1902 strage
866 1826 954 1904 capit.
1240 1761 1242 1914 l

209 1908 273 1968 Hoc
295 1906 374 1969 bello
397 1911 520 1988 capiunt
541 1907 741 1989 Menalippeu,
764 1907 983 1990 Hypoliteuque
1137 1919 1191 1967 875

252 1991 455 2071 Orithyaeque
476 1992 532 2053 luit
554 2001 682 2071 utraque
704 1995 788 2071 virgo
811 2011 914 2062 soror;

211 2081 248 2139 At
270 2076 436 2155 lllenalippe
458 2076 537 2137 redit
560 2076 705 2137 violenter
728 2075 765 2137 ab
787 2076 917 2138 Hercule
938 2082 1036 2154 capta,

256 2160 332 2221 Huic
354 2167 451 2221 umen
474 2178 566 2230 arma,
589 2159 699 2239 quibus
720 2158 794 2221 haec
816 2168 881 2222 erat
902 2178 964 2229 usa,
987 2171 1125 2221 manent.

211 2245 346 2306 Theseus
367 2244 523 2324 ilypoliten
547 2242 605 2303 sibi
627 2245 757 2324 copulat,
780 2243 1012 2324 Hypolitumque

255 2330 407 2399 Procreat,
431 2327 500 2389 huic
520 2326 658 2407 jugulum
681 2345 767 2389 saeva
791 2345 919 2390 noverca
940 2337 1035 2407 parat.
1138 2340 1191 2389 888

207 2416 280 2477 Non
301 2429 387 2475 meus
409 2413 482 2473 baec
504 2429 603 2473 sermo
624 2419 760 2482 testatur,
783 2411 920 2482 Orosius;
943 2414 999 2473 ista

254 2497 343 2577 Cujus
362 2495 475 2559 hahent
496 2495 615 2573 plenam
637 2495 755 2574 singula
778 2495 867 2558 rerba
889 2496 989 2557 iidem.

210 2583 282 2644 Post
305 2584 382 2643 banc
405 2580 571 2659 Orithyam,
593 2580 631 2640 tle
653 2599 710 2659 qua
733 2581 822 2641 modo
844 2581 956 2642 mentio
977 2583 1087 2658 surgit,

254 2667 350 2728 lutrat
372 2665 501 2744 regalem
524 2663 711 2726 Penthesilea
734 2664 888 2726 thronum.

276 2937 335 2988 888.
374 2937 404 2985 in
434 2936 559 3001 margine
588 2934 700 2997 uquue.
829 2934 888 2984 862.
923 2931 990 2984 (lod.
1020 2933 1189 2991 femineam.

210 3005 269 3058 871.
288 3002 355 3055 Cod.
374 3002 524 3053 Orichiam.
596 3003 655 3053 atu.
673 3001 854 3065 Menalippen
871 3016 906 3052 ex
924 3000 1024 3051 Orosio
1036 3004 1189 3065 posuimus

209 3086 260 3137 pro
278 3069 337 3122 cod.
356 3069 540 3135 Menalippeu.
609 3070 668 3121 8'l‘l.
692 3067 760 3123 (lod.
778 3067 952 3133 Menalappa,
971 3067 1007 3118 ob
1027 3069 1188 3132 paritatem

207 3155 234 3193 v.
252 3140 304 3190 8⁸14
325 3138 466 3204 posuimus
484 3136 653 3202 Menalippa
758 3137 817 3187 881.
849 3134 964 3185 Orosius
987 3134 1087 3189 histor.
1107 3138 1133 3198 Ι,
1154 3141 1187 3188 18

209 3207 304 3257 eadem
326 3206 359 3255 de
376 3204 563 3255 Amazonibus
590 3219 660 3267 quae
683 3207 778 3253 noster
801 3202 932 3267 praebet,
961 3216 1051 3267 paena
1077 3204 1185 3255 iisdem

206 3272 296 3324 vorbis
314 3277 419 3323 narrat.
