2509 3917
205 241 206 245 ’
308 253 311 256 “
416 246 476 297 nro.
496 245 541 301 vr.
577 262 602 297 v.
622 248 765 297 aot-aco.
1015 244 1076 310 179

107 395 177 457 Non
200 402 322 475 propter
345 395 473 474 Trojam,
498 365 660 476 Trojanum
683 398 948 459 surberehettom

152 483 209 540 Aut
230 481 329 558 coepit
351 479 500 559 Phrygum
523 480 681 543 sollicitare
704 482 821 561 stylum,

109 564 168 623 Sed
194 563 302 625 ductus
326 563 449 626 meliore
472 568 516 625 vie
540 583 730 645 compescere
752 584 858 646 pravos
1077 629 1082 636 ,

152 648 189 707 Et
210 665 328 708 servare
352 649 400 709 dei
422 649 482 711 vult
504 652 536 709 in
559 669 660 710 amore
683 649 786 711 honos.
1025 661 1076 711 ato

110 731 200 792 Grata
224 733 351 792 medulla
374 734 445 793 latet
467 735 547 794 omni
570 733 626 795 sub
649 736 760 795 cortice
782 754 892 811 reruni,

153 817 190 876 Et
211 816 350 876 nucleum
373 816 449 878 celat
471 817 551 878 arida
574 826 649 879 testa
672 819 794 879 bonum.

107 900 170 960 Nos
192 900 279 960 docet
300 901 446 971 Herodes,
471 905 548 963 sicut
568 904 698 983 Baptista
721 903 898 973 lohannes„
935 927 938 932 ·

156 984 262 1045 Erudit
282 986 339 1046 iste
361 985 466 1055 bonos
490 983 607 1048 territat
629 989 684 1047 iste
707 987 814 1056 malos;

107 1068 146 1130 Et
167 1068 253 1137 bene,
278 1069 303 1129 si
326 1071 458 1146 memini,
480 1071 524 1131 ias
547 1082 591 1132 est
614 1079 643 1132 et
666 1071 703 1132 ab
725 1071 811 1132 hoste
834 1071 946 1141 doceri,
1023 1082 1073 1131 375

150 1154 357 1233 virtutumque
381 1154 491 1216 Sathan
513 1154 639 1216 fabricat
660 1174 742 1216 arma
765 1155 831 1216 tibi.

109 1235 172 1296 Nos
195 1237 231 1297 ad
254 1245 408 1316 serpentes
430 1239 570 1299 formicas
591 1239 792 1319 bestiolasque

151 1320 187 1381 Et
209 1338 292 1383 sacra
315 1332 457 1401 pennatos
479 1326 586 1402 pagina
608 1326 700 1383 mittit
723 1342 804 1391 aves;
986 1377 990 1384 .

106 1404 145 1484 El
168 1405 240 1465 mihi
263 1405 320 1465 lob
343 1406 486 1486 loquitur,
509 1408 577 1486 quia
600 1426 649 1467 me
668 1406 801 1485 jumenta
824 1407 974 1468 docebunt

150 1490 186 1550 Et
207 1489 281 1549 nihii
304 1491 447 1570 estquod
471 1508 530 1549 uon
553 1494 649 1569 prosit
672 1500 701 1549 et
723 1489 799 1551 obsit
820 1491 910 1551 idem.
1023 1501 1075 1551 380

106 1571 162 1632 Hic
185 1583 269 1634 sonat
291 1574 408 1643 invidia,
433 1576 516 1646 livor,
540 1576 728 1642 truculentia,
753 1575 854 1646 iastus,

150 1656 290 1727 Ambitio,
312 1676 430 1728 rancor,
453 1661 508 1729 ira,
530 1658 635 1728 iibido,
661 1659 752 1719 dolus.

108 1742 296 1802 Postremum
320 1761 391 1803 vero
414 1743 520 1822 Trojae
543 1742 709 1804 miseranda
732 1745 818 1804 ruina

151 1825 344 1887 informativa
361 1829 482 1906 singula
505 1846 576 1888 voce
601 1837 702 1898 sonat;

108 1908 144 1968 Ut
167 1910 262 1971 maius
284 1910 408 1974 absistat
427 1910 582 1991 justusque
605 1914 732 1981 resistat,
756 1912 873 1979 habeto,
1023 1924 1072 1973 385

154 1992 212 2053 Sed
236 1997 304 2074 quia
327 1995 495 2057 clauserunt
518 1996 592 2056 haec
614 1997 690 2056 mala
714 1998 772 2056 fine
794 1996 881 2072 malo.

108 2076 194 2147 Quod
217 2077 316 2138 brevis
340 2088 384 2139 est
405 2083 494 2148 risus,
519 2080 597 2157 quod
620 2080 768 2160 longaque
790 2080 908 2140 lacrima
932 2082 1036 2142 mundi

80 2217 84 2221 Α
150 2160 305 2231 Quondam
328 2163 418 2243 TroJa
439 2172 545 2243 potens
567 2166 729 2223 incinerata
753 2165 848 2224 docet.

108 2243 171 2305 iam
194 2246 310 2306 firmum
334 2246 408 2308 nihii
432 2258 485 2316 est,
510 2251 558 2309 oui
581 2266 639 2308 non
663 2256 759 2308 metus
782 2266 845 2308 esse
868 2250 972 2307 ruinae

149 2330 255 2399 Possit,
279 2338 308 2390 et
329 2331 386 2391 hoo
409 2330 520 2401 subito;
545 2348 709 2410 persequor
732 2349 803 2408 ergo
826 2333 895 2392 cito.
1019 2341 1071 2390 390

172 2567 232 2616 367.
249 2580 352 2629 mergo.
372 2565 543 2630 Respondeo.
596 2569 654 2617 370.
673 2580 767 2629 margo
780 2566 849 2630 pios.
902 2567 960 2616 ata.
979 2566 1069 2621 Anon.

102 2631 201 2682 Nerei.
220 2647 244 2694 p.
263 2633 322 2685 486.
341 2646 410 2682 vers.
431 2634 471 2683 12.
542 2636 599 2684 ato.
618 2636 728 2697 Margo:
752 2633 851 2682 Verum
870 2633 985 2697 dictum,
1004 2630 1071 2699 quia

105 2703 132 2747 et
149 2698 203 2749 hoc
221 2698 324 2748 homini
342 2698 422 2749 detur
439 2715 488 2764 pro
506 2701 598 2750 anima
616 2715 667 2750 sua
686 2701 758 2749 etin
777 2699 869 2751 multis
889 2700 953 2751 aliis
965 2701 1069 2752 instru-

106 2766 207 2814 mentis
227 2767 261 2815 ab
281 2781 313 2816 eo
332 2770 361 2816 et
379 2766 446 2817 licet
461 2768 520 2831 ipse
537 2782 591 2817 non
611 2768 741 2818 intendat
758 2773 853 2817 nostro
870 2768 1009 2832 professui
1022 2769 1071 2819 sed

104 2847 172 2881 suae
189 2847 291 2897 pravae
310 2833 456 2885 voluntati.
468 2860 500 2870 —
511 2835 560 2884 cfr.
572 2834 655 2885 ovid.
666 2835 777 2885 Metam.
787 2834 836 2897 IV,
848 2836 907 2886 488.
943 2837 1001 2886 381.
1013 2837 1072 2886 382.

104 2900 217 2965 Margo:
241 2899 296 2950 hic.
318 2902 337 2953 i.
359 2914 382 2949 e.
401 2902 429 2950 in
447 2903 500 2951 isto
519 2903 590 2953 libro
608 2906 689 2953 sonat
706 2902 812 2952 invidia
830 2917 882 2965 quo
901 2902 937 2952 ad
955 2902 1070 2966 Peliam,

103 2967 176 3016 livor
199 2981 251 3031 quo
269 2966 305 3017 ad
322 2968 451 3017 Paridem
470 2974 498 3019 et
515 2969 683 3031 Menelaum,
711 2968 878 3019 truculentia
896 2984 949 3033 quo
968 2970 1003 3019 ad
1022 2985 1072 3034 pu·

104 3039 237 3097 putentes,
267 3035 356 3084 fastus
380 3049 432 3099 quo
452 3035 488 3085 ad
505 3036 608 3086 milites
626 3042 656 3086 et
673 3037 807 3098 victores,
832 3037 946 3087 ambitio
965 3052 1017 3101 quo
1036 3037 1071 3085 ed

102 3100 287 3162 Palamedem,
305 3117 403 3152 rancor
416 3118 469 3166 quo
482 3103 516 3152 ed
534 3104 659 3162 rusticos,
677 3105 728 3165 ira,
748 3118 800 3167 quo
814 3105 962 3166 admotos,
982 3103 1069 3154 libido

103 3183 156 3232 quo
176 3168 211 3217 ad
228 3168 356 3219 Paridem
375 3174 403 3218 et
421 3168 567 3232 Helenam,
586 3169 663 3221 dolus
681 3186 734 3235 quo
752 3170 787 3220 ad
804 3172 952 3221 Hecubam.
1011 3171 1069 3220 384.

104 3233 164 3285 cod.
184 3239 292 3287 sonant.
361 3238 419 3290 385.
440 3237 526 3287 schol.
544 3237 608 3287 hab.
628 3253 699 3287 nunc
717 3238 823 3289 librum.

172 3302 229 3352 389.
249 3305 290 3353 90.
311 3302 404 3354 Gualt.
423 3305 503 3364 Alex.
522 3304 599 3367 VIII,
618 3307 677 3356 399.
695 3308 755 3360 400.

187 3370 255 3418 'Pam
272 3368 377 3420 firmum
395 3371 464 3422 nihil
483 3377 534 3435 eat,
554 3374 599 3422 eui
616 3388 672 3423 non
689 3377 777 3422 metus
795 3387 856 3423 ease
874 3372 971 3421 ruinae

187 3437 279 3488 Possit
296 3437 331 3487 ab
349 3439 481 3504 invalido,
500 3440 548 3503 qui
564 3441 684 3490 nondum
701 3441 818 3507 navigat
835 3454 947 3502 aequor.

817 3519 869 3571 12*
