2509 3917
162 137 225 202 104
483 135 546 186 Lib.
564 135 613 185 IV.
650 146 676 189 v.
696 136 823 189 'tt-lot.

204 289 301 350 Debet
322 289 500 368 promissam
522 285 626 348 iallere
649 295 715 366 tyro
737 285 845 349 lideml

162 374 305 436 Adversis
326 389 388 432 non
410 370 515 432 deesse
538 371 626 433 decet
649 371 700 432 sed
724 371 802 432 laeta
824 370 949 440 securis,

204 458 262 519 Vos
284 457 358 516 milri
380 455 486 516 dicetis
509 456 647 525 forsitam
671 455 707 516 ad
730 453 808 533 quod
833 470 899 532 ego.

162 543 220 603 Pro
244 544 342 622 patria
366 557 500 620 pugnare
523 540 611 601 decet
632 556 819 619 regnumque
842 538 932 606 tueri,

204 625 313 686 Hostes
336 643 353 684 a
375 625 462 703 regni
483 622 597 703 pellere
619 625 678 685 fine
700 623 757 686 sui.
1105 631 1144 680 80

163 712 222 772 Fas
244 716 299 777 est,
323 718 357 769 ut
378 719 496 770 revocet
519 709 613 787 quiris
636 706 809 787 opprobria,
832 706 940 767 damna

205 792 341 855 Vindicet
362 801 393 853 et
413 791 526 854 bellum
550 811 616 854 sors
639 791 767 852 violenta
788 798 881 869 petat.

163 878 232 948 Sed,
255 879 298 939 sic
320 874 481 939 vindictam
505 873 580 936 mala
603 893 642 937 ne
664 874 777 955 majora
800 880 977 953 sequantur,

205 963 299 1023 Ferre
321 963 439 1022 minora
461 958 538 1030 volo,
561 979 599 1021 ne
621 960 758 1038 graviora
780 959 887 1019 leram.

162 1047 223 1108 Nos
244 1063 342 1126 neque
364 1063 419 1123 pro
442 1046 537 1124 patria
560 1060 738 1124 pugnamus,
760 1039 842 1103 nulla
867 1049 986 1104 tuemur
1100 1051 1141 1101 80

204 1130 317 1208 Regna,
341 1145 396 1190 neo
419 1147 559 1190 arcemus
581 1128 697 1189 hostica
720 1127 804 1205 signa
825 1126 941 1208 procul.

163 1215 220 1276 llic
243 1231 354 1282 sumus,
377 1214 468 1293 inque
492 1214 587 1283 vicem
608 1229 664 1273 uos
686 1211 911 1274 commactando
933 1212 1059 1272 ierimus

206 1298 322 1359 lusanis
344 1297 466 1366 similes,
491 1295 570 1358 nulla
593 1299 695 1377 quieta
716 1296 790 1356 dies.

165 1382 223 1444 Sed
247 1398 347 1460 neque
369 1399 429 1441 nox
451 1380 555 1442 didicit
576 1380 668 1442 ullam
692 1396 800 1459 parare
822 1381 966 1458 quietem.
1020 1435 1027 1438 ,

207 1468 292 1529 Mane
314 1464 466 1526 necandus
488 1483 549 1535 ero,
575 1474 662 1526 nocte
685 1465 804 1544 quietus
816 1465 898 1526 'erol
1103 1471 1145 1521 90

162 1552 229 1613 Non
252 1549 410 1612 rationales
433 1547 570 1610 homines
593 1550 647 1618 sio,
671 1550 763 1609 immo
785 1547 920 1608 iurantes

206 1636 245 1696 Se
268 1641 487 1695 consueverunt
509 1632 655 1694 dilaniare
677 1651 777 1694 canes.

164 1720 214 1780 Sic
236 1716 334 1797 lupus,
359 1724 388 1777 et
409 1724 515 1795 turpes
536 1720 651 1779 instant
672 1715 870 1778 morientibus
893 1717 971 1783 ursi;

206 1801 244 1862 Et
265 1818 462 1881 quaecunque
484 1803 584 1862 minor
605 1800 764 1862 nobilitate
785 1801 858 1861 iera.

165 1886 227 1948 lam
250 1886 345 1945 nostri
367 1887 487 1964 periere
509 1887 609 1956 duceS,
631 1887 750 1965 periere
772 1882 910 1954 Quirites,
1104 1891 1142 1942 90

207 1969 281 2039 Quis
303 1975 441 2029 numeret
463 1968 584 2038 validos,
608 1972 660 2050 qui
682 1966 828 2038 cecidere,
853 1966 962 2028 duces?

167 2055 293 2114 Causam
316 2054 470 2131 quaerenti
494 2057 641 2114 nescirem
664 2054 774 2121 dicere,
798 2068 891 2132 quare
960 2070 968 2079 ·

206 2137 260 2197 Est
281 2137 366 2197 iuror
387 2139 420 2197 in
444 2155 544 2211 cursu,
568 2139 620 2216 qui
642 2139 758 2197 ratione
781 2143 871 2196 caret.

167 2221 203 2280 Et
225 2222 295 2300 quid
319 2220 508 2298 perficimus?
532 2223 596 2282 siue
618 2223 720 2282 fructu
742 2220 864 2282 Graecia
885 2227 1007 2298 pugnat,

208 2304 274 2367 Non
298 2324 353 2388 pro
376 2306 485 2369 futuris
506 2304 606 2367 littora
631 2304 730 2366 bubus
752 2314 826 2365 arat.
1083 2311 1146 2362 100

164 2391 302 2453 Forsitan
325 2393 356 2452 in
381 2390 513 2451 medium
535 2390 665 2450 Ledeam
687 2406 800 2468 ponere
823 2387 919 2459 vultis,

206 2476 349 2552 Turpiter
371 2492 407 2533 ex
431 2474 543 2535 Graeca
566 2477 606 2534 sit
627 2475 695 2553 quia
718 2482 801 2553 rapta
825 2472 923 2533 domo.

164 2556 240 2626 Quid
262 2560 391 2620 miscere
410 2555 493 2635 juvat
515 2560 585 2627 iras,
609 2555 812 2636 Helenamque
836 2565 939 2617 tenere

208 2638 242 2699 lu
264 2641 373 2710 medio,
397 2649 500 2701 nostro
523 2643 561 2701 sit
582 2643 654 2720 quia
678 2649 771 2702 tracta
793 2640 869 2702 looo.

168 2722 219 2783 llla
241 2741 297 2784 uec
322 2733 366 2785 est
388 2734 492 2794 tracta,
516 2741 572 2786 uec
593 2733 689 2804 rapta,
713 2725 765 2786 sed
787 2725 864 2786 hanc
887 2724 937 2787 ubi
959 2723 1041 2787 vidit·
1085 2732 1146 2783 105

207 2804 291 2867 Miles
314 2816 343 2868 et
365 2806 474 2873 allexit,
498 2818 605 2887 sponte
630 2818 732 2870 secuta
754 2810 820 2870 luit.

166 2888 300 2951 Ponatur
322 2897 406 2972 rapta
429 2891 508 2971 quod
532 2894 579 2962 sit,
602 2911 662 2954 nou
685 2899 792 2972 sponte
813 2901 927 2962 secuta3

234 3074 275 3124 76.
292 3091 401 3140 margo:
422 3074 521 3139 quibus
540 3075 615 3135 dicit,
634 3074 707 3127 nolo.
760 3076 801 3126 79.
819 3070 913 3125 Guolt
931 3073 1079 3126 Alexandr.
1097 3076 1145 3137 11,

164 3144 224 3193 358.
244 3143 287 3192 59.
322 3144 378 3204 Pro
395 3144 489 3208 patria
506 3149 584 3193 stare
602 3146 631 3194 et
648 3142 758 3208 patriae
777 3141 875 3205 titulis,
893 3148 922 3193 et
940 3142 1045 3193 honore

321 3209 473 3273 Invigilare
494 3209 576 3260 decet
878 3238 880 3241 ν
1138 3241 1146 3251 ·

164 3276 206 3327 89.
226 3276 325 3327 melius
343 3282 465 3341 patrare.
534 3278 575 3327 93.
595 3279 637 3327 94.
657 3275 707 3331 Or.
727 3277 812 3327 Trist.
832 3275 883 3338 IlI,
903 3278 927 3339 5,
945 3279 987 3328 35.
1006 3279 1039 3328 36

266 3345 304 3395 At
321 3344 412 3409 lupus,
431 3347 459 3393 et
476 3348 571 3407 turpes
588 3344 696 3393 instant
713 3344 894 3395 morientibus
913 3345 971 3394 ursi

300 3412 338 3462 Et
356 3425 536 3477 quaeeunque
555 3410 643 3461 minor
660 3410 807 3462 nobilitate
825 3411 886 3463 iero
904 3416 954 3462 est.
