2509 3917
400 206 464 258 mu
481 207 532 262 111.
568 224 595 259 vn
613 210 757 266 roa-rm.
999 216 1005 222 ·
1024 202 1066 276 95

197 386 261 441 HIC
280 384 421 440 Antrum
438 385 750 445 ANNIVERSARIUM
767 390 957 448 HECTORIS.

85 492 151 554 Pax
176 501 244 554 erat
265 499 295 551 et
316 491 421 552 retulit
440 495 512 554 anni
535 493 680 556 revolutio
702 499 828 569 tristem,
1015 509 1065 559 705

130 577 246 639 Hector
267 577 457 653 dveruigera-
476 595 533 656 qun
556 577 626 640 tulit
648 598 739 651 arma,
764 581 852 644 diem.

83 660 215 722 Hecuba
238 677 306 720 cum
330 660 448 720 Priamo
471 661 685 742 tumulumque·
704 663 851 746 Polyxena
873 667 971 728 visunt

130 747 174 808 Ut
196 743 352 806 celebrent
373 763 496 806 carmen
517 747 644 810 funebre
664 768 748 810 more
770 742 840 822 suo;

84 830 125 890 Et
147 828 352 909 Trojanorum
376 830 509 906 potiores
531 833 562 893 in
585 835 727 895 comitatu

130 915 210 975 Sunt
232 915 323 975 etiam
345 913 415 975 talis
438 913 550 976 lunera.
565 916 641 978 llere
662 921 731 979 viri.
1015 929 1065 979 710

85 998 275 1059 Graecorum
297 997 428 1076 juvenes
445 1008 617 1067 accurrunt,
642 1001 691 1064 his
714 1011 743 1063 et
765 999 894 1064 Achilles

129 1081 305 1143 lntendens
321 1082 417 1142 oculis
439 1100 512 1145 vana
535 1085 635 1145 videre
657 1087 746 1164 ragis.

85 1167 237 1249 Corporis
259 1173 303 1226 est
326 1166 430 1226 oculus
452 1166 529 1237 talis,
552 1169 631 1246 quod
655 1173 764 1230 mentis
786 1170 924 1240 ocellum,

128 1252 170 1312 Ni
193 1251 270 1311 bene
293 1267 325 1308 se
348 1249 475 1316 clamltt.
500 1252 667 1313 exoculare
681 1253 767 1315 solet.

83 1335 136 1395 Sic
161 1352 215 1394 cor
238 1334 544 1413 corporeusnllelidae
564 1347 666 1398 caecat
688 1339 809 1408 ocellus,
1012 1350 1064 1399 tto

100 1468 107 1481 .
128 1421 170 1480 Ut
193 1419 289 1477 visum
312 1419 418 1498 perdat
439 1437 525 1480 mens
548 1420 662 1493 oculata
685 1423 778 1500 prius.

84 1503 182 1582 Cujus
205 1502 320 1562 tiresian
342 1505 385 1563 sic
407 1504 466 1566 risa
491 1502 639 1583 Polyxena
662 1513 776 1582 pectus,

127 1588 278 1647 Transeat
300 1594 334 1648 ut
355 1605 443 1649 caeca
467 1596 604 1668 tempora
627 1596 728 1649 mente
749 1591 817 1650 tria.

87 1670 146 1741 Qui
171 1674 285 1730 totiens
307 1672 414 1741 socios,
438 1675 548 1733 totiens
570 1673 735 1750 perterruit
757 1673 866 1743 hostes,

109 1754 227 1815 lactat
248 1755 312 1817 sub.
328 1763 451 1817 teneros
473 1759 562 1819 unica
585 1758 669 1835 virgo
692 1757 792 1836 pedes,
1013 1768 1064 1817 720

85 1840 139 1899 Vir
164 1839 281 1900 iaculas
304 1840 430 1900 Veneris
451 1848 574 1921 portans
597 1844 628 1901 in
652 1842 751 1920 pixide
773 1841 881 1912 cordis,

128 1923 198 1984 Nou
223 1922 383 1985 cerebrum
407 1942 532 1992 somno„
546 1943 602 1985 nec
626 1924 705 1985 iuvet
728 1943 779 1994 ora
802 1926 878 1986 cibo.

83 2006 203 2068 Incedit
225 2009 319 2068 multa
344 2009 524 2078 meditando,
548 2027 644 2087 pauca
666 2010 824 2089 loquendo,

128 2091 182 2152 Sic
204 2099 291 2169 tener
315 2110 439 2152 ausuros
461 2094 587 2169 grandia
610 2092 720 2172 trangit
743 2112 835 2153 amor.

85 2175 234 2236 Luctatus
257 2193 369 2245 secum,
393 2179 510 2237 ratione
532 2176 636 2253 fugare
659 2179 793 2238 furorem
1012 2186 1061 2235 725

131 2262 172 2321 Et
194 2259 272 2320 valet
296 2267 325 2319 et
347 2278 407 2321 non
430 2260 502 2329 vult,
525 2262 585 2321 ruit
608 2263 791 2339 minimeque
814 2259 901 2335 vaiet.

88 2343 160 2404 Vult
184 2345 316 2405 animum
340 2351 452 2420 tegere,
476 2361 536 2404 non
559 2346 691 2424 prodest,
714 2345 775 2404 vult
797 2347 923 2421 aperire.

85 2429 88 2433 ’
129 2428 192 2487 Sed
216 2429 287 2488 cuii
310 2447 370 2489 non
394 2430 499 2506 aperit,
522 2429 573 2488 sed
597 2431 693 2505 magis
717 2431 781 2505 ipse
804 2429 887 2504 tegit.

84 2511 117 2572 ln
142 2531 178 2573 se
202 2514 322 2573 fervere
346 2513 422 2573 solet
444 2514 542 2573 acrius
564 2512 683 2572 abditus
705 2513 790 2588 ignis,

157 2681 220 2730 706.
232 2674 373 2745 Marginis
386 2678 526 2729 scholion:
545 2678 718 2742 Avernigera
731 2692 813 2736 arma,
827 2678 892 2741 quia
907 2694 966 2729 eum
978 2680 1060 2731 duxe-

11 2780 12 2783 ,
84 2753 148 2798 runt
168 2747 198 2795 in
216 2747 366 2810 Avernum,
386 2745 457 2810 qnod
475 2746 616 2796 derivatur
634 2747 702 2796 sch-a
720 2746 792 2810 quod
811 2746 871 2796 sine
890 2751 918 2796 et
934 2762 994 2810 ver,
1013 2748 1059 2796 de·

84 2811 217 2877 lectatio,
247 2815 328 2880 quasi
354 2814 415 2864 sine
443 2811 643 2865 delectatione.
729 2816 785 2864 710.
804 2818 823 2867 t.
846 2829 895 2878 pro
919 2814 979 2864 cod.
999 2814 1059 2863 tali.

85 2881 142 2936 713.
165 2883 206 2931 14.
227 2882 279 2934 cfr.
297 2881 381 2931 Alan.
398 2880 504 2930 Anticl.
523 2879 572 2929 lib.
591 2879 631 2928 VI
649 2877 689 2944 (p.
709 2879 752 2942 95)
772 2880 819 2932 lin.
838 2884 863 2934 9.
883 2882 916 2930 10

206 2948 262 2998 Sed
280 2947 408 3012 quamvis
428 2946 525 2997 oculus
543 2948 645 2996 mentis
664 2947 837 3012 resplendeat
856 2948 939 3011 intra,

203 3016 379 3079 Languescit
396 3018 490 3064 tamen
509 3015 634 3068 exterior.
653 3017 703 3049 -'
924 3068 927 3073 ¹

85 3082 143 3135 718.
162 3082 301 3146 Marginis
320 3081 458 3132 scholion:
479 3081 532 3130 tria
551 3087 684 3146 tempora,
702 3093 799 3144 nempe
818 3095 961 3146 praesens,
980 3097 1058 3147 prae-

84 3150 198 3199 teritum
219 3156 253 3201 et*
267 3151 405 3213 futurum,
427 3149 609 3212 praeteritum
628 3147 759 3198 oblivioni
776 3148 906 3213 tradidit,
926 3163 1057 3214 praesens

84 3230 137 3266 non
160 3217 286 3278 curavit,
317 3218 439 3266 futurum
457 3230 512 3265 non
531 3215 681 3280 prospexit.
793 3217 850 3272 727.
870 3214 934 3267 eod.
954 3229 1057 3281 rogere.

84 3284 142 3338 ite.
164 3284 218 3334 Or.
237 3285 303 3338 Met.
322 3284 371 3347 IV,
390 3285 424 3332 64
697 3346 699 3349 ¹

171 3352 399 3417 Quoque-magis
417 3349 529 3413 tegitur,
548 3352 628 3398 tanto
647 3350 736 3414 mugio
755 3354 866 3400 aestuat
883 3350 964 3415 ignis.

83 3415 223 3484 Pamphil.
243 3421 266 3483 I,
286 3421 317 3468 21
337 3445 372 3454 -
390 3443 422 3453 -
440 3442 474 3451 -
492 3432 555 3466 nam
574 3415 701 3466 conditus
720 3416 794 3481 ignis
836 3462 838 3469 .

290 3486 399 3548 Acrior,
420 3482 522 3534 effusus
541 3484 650 3548 parcior
669 3499 730 3534 esse
749 3483 827 3533 solet.
