2509 3917
174 186 220 250 96
337 264 345 279 ⁸
487 186 551 239 Lib.
570 186 623 237 111.
657 202 684 236 v.
704 187 847 238 rao—too.

222 340 340 400 Eminet
360 338 472 400 indicio
494 336 611 417 prodita
635 337 753 400 damma
775 357 839 399 suo.
1103 349 1154 399 730

178 422 290 485 Pallida
312 424 455 485 lurtirum
477 424 569 483 laoies
591 423 764 483 manifestat
788 440 931 490 amorem,

222 507 297 579 Quid
321 508 433 578 deceat,
457 506 527 586 quid
550 524 620 575 non,
645 523 705 567 non
727 506 808 567 ridet
830 505 907 568 ullus
930 524 1024 568 amor.

175 593 244 655 Otia
268 593 377 654 sectari
400 592 508 669 eoepit,
532 607 587 650 neo
611 598 698 670 turpe
721 593 835 669 potavit

223 675 377 738 Palliolum
401 674 502 735 nitidis
524 675 701 753 imposuisse
724 677 826 736 oomis.

178 761 326 823 Pallorem
349 761 449 829 traxit,
473 760 522 819 hie
546 766 591 818 est
613 757 695 819 eolor
717 766 803 838 aptos
826 761 945 831 amanti,
1104 769 1153 819 735

223 845 333 906 Palleat
356 845 451 905 omnis
474 859 586 920 amans,
610 844 684 903 ciris
707 845 816 904 amoris
839 846 888 904 ait.
930 838 933 843 ’

121 972 125 979 -
179 927 282 999 Pallet,
307 928 440 1008 quisquis
463 934 550 996 amat,
574 944 678 987 verum
700 946 769 988 eum
796 927 914 1008 palleat,
937 945 1024 997 usum

221 1013 349 1086 Palloris
371 1014 493 1072 minime
514 1009 626 1089 palliat,
651 1013 742 1073 immo
766 1013 853 1090 palat.

204 1269 206 1271 ·
226 1242 403 1299 ACHILLES
421 1241 549 1296 ΜΙΤΤΙΤ
567 1240 743 1296 NUNTIUM
760 1242 812 1296 AD
831 1242 1010 1298 HECUBAM
1027 1243 1101 1299 PRO

451 1324 627 1380 CONIUGIO
646 1324 878 1413 POLYXENAE.

180 1468 245 1530 Nox
261 1475 332 1528 erat
355 1484 412 1527 una
436 1468 501 1525 viro
524 1482 664 1525 curarum
686 1468 815 1526 maxima
838 1469 947 1537 nutrix,

135 1608 139 1619 ,
223 1552 289 1623 Quo
311 1569 376 1611 rem
398 1551 534 1620 divertat,
558 1550 668 1626 rogitat
690 1559 720 1608 et
742 1549 814 1629 quid
837 1558 915 1627 agat.
1102 1559 1153 1608 'tto
1252 1585 1253 1590 κ

181 1638 259 1698 Hino
282 1635 399 1695 cuidam
422 1652 527 1712 puero,
552 1651 636 1693 meus
659 1634 695 1694 ad
718 1632 793 1703 looa,
816 1652 892 1713 quae
915 1633 971 1695 tibi
993 1633 1069 1705 dieo,

223 1719 348 1779 Nuntius
370 1726 443 1786 esto,
467 1718 572 1777 relert.
618 1715 717 1797 Phryx
740 1726 803 1779 erat
826 1719 877 1779 ille
899 1737 983 1798 puer.

179 1804 256 1864 llion
278 1801 456 1878 ingrediare,
481 1801 537 1869 die,
561 1800 696 1862 Hecuba!
718 1809 850 1864 moestus
872 1801 1003 1865 Achilles

223 1888 261 1947 Se
283 1884 382 1946 fundit
404 1883 539 1962 genibus
564 1901 581 1942 o
604 1883 764 1962 generosa!
787 1888 855 1948 tols.

180 1971 266 2032 lllius
284 1975 415 2030 mentem
438 1970 566 2029 iormosa
590 1969 738 2049 Polyxena
761 1978 889 2050 torquet,
1101 1981 1150 2030 tto

223 2055 306 2114 liano
329 2052 388 2113 sibi
410 2051 550 2132 conjugio
573 2053 720 2132 supplicat
741 2054 792 2115 ille
815 2056 888 2116 dari.

181 2139 262 2209 Quae
284 2139 309 2199 si
331 2138 499 2215 contigitur,
523 2141 692 2215 praesentia
715 2141 828 2215 proelia
851 2147 950 2218 ponet,

226 2222 359 2300 Cumque
383 2242 436 2283 sno
460 2220 571 2300 populo
594 2224 715 2301 propria
738 2232 815 2285 teota
836 2232 928 2303 petet.

180 2306 323 2386 Exemplo
345 2305 397 2366 tali
418 2306 524 2384 reliqui
547 2305 703 2367 discedere
726 2306 855 2370 discent:

222 2392 327 2452 Finem
350 2393 393 2451 sio
416 2392 512 2452 omnis
535 2389 698 2452 obsidionis
721 2401 820 2469 agent.
1101 2403 1152 2452 750

99 2518 104 2529 .
181 2475 291 2536 Servus
314 2483 344 2534 ul
368 2474 502 2536 ediderat
525 2479 698 2544 commissa;
722 2484 884 2546 revertere,
907 2478 981 2538 dioil

223 2557 354 2628 Hecuba,
379 2577 446 2618 oum
469 2558 589 2618 Priamo
612 2569 678 2621 vota
701 2560 816 2621 librabo
839 2580 902 2625 sua.

182 2643 213 2703 Si
236 2642 346 2702 Priami
369 2659 532 2702 consensus
554 2642 648 2712 adest,
673 2648 846 2725 qonsentio;
869 2645 1010 2725 quicquid

225 2726 338 2785 Dixerit
359 2724 409 2785 ille
432 2725 515 2793 mibi,
538 2726 704 2803 significato
728 2728 791 2789 tibi.
1007 2787 1010 2793 .

104 2815 107 2820 '
182 2809 292 2870 Servus
314 2806 465 2869 anhelanti
487 2826 632 2888 responsa
655 2822 789 2892 reportat
812 2812 927 2882 leonti,
1101 2823 1151 2871 755

222 2894 340 2954 lnousat
363 2901 473 2953 tantam
496 2894 642 2972 pendulus
664 2897 714 2965 ille
736 2916 860 2958 moram.

92 3182 93 3185 ,
248 3130 306 3181 730,
326 3128 406 3180 ovid.
426 3128 493 3179 Her.
512 3129 579 3189 XII,
598 3132 639 3185 38.
718 3134 775 3186 731,
793 3132 845 3182 Est
862 3133 997 3201 Pamphil.
1016 3132 1104 3195 XLII,
1125 3136 1149 3186 t.

180 3198 238 3248 732.
259 3195 337 3246 Ovid.
356 3197 423 3247 Her.
437 3197 483 3259 IV,
504 3199 561 3248 154.
582 3198 648 3262 qnid
666 3199 779 3259 deceat,
798 3215 853 3249 non
871 3201 946 3252 videt
958 3200 1030 3250 ullus
1044 3216 1150 3251 amans.

181 3266 239 3316 733.
258 3265 299 3314 34.
319 3262 398 3314 Ovio.
418 3278 463 3313 ors
482 3281 533 3318 am.
552 3266 574 3326 I,
594 3268 651 3316 734.
671 3270 713 3317 35⁴
788 3269 845 3318 735.
865 3270 904 3322 36.
924 3270 973 3320 Or.
994 3282 1039 3316 ars
1058 3283 1110 3322 am,
1130 3269 1150 3318 l.

181 3334 238 3382 729.
317 3333 374 3382 tao.
392 3330 462 3381 ciris
479 3348 528 3396 pro
547 3332 608 3387 eod,
628 3333 724 3397 ciphis,
795 3337 855 3386 739.
873 3335 924 3387 Ov.
942 3335 1054 3386 Metam.
1072 3336 1149 3394 VIII.

180 3399 221 3448 81.
241 3401 274 3451 82
308 3426 343 3436 -
360 3425 392 3435 -
411 3425 444 3434 -
465 3414 592 3448 curarum
609 3402 729 3452 maxima
746 3404 840 3453 nutrix

333 3467 393 3517 Nox
410 3467 569 3519 intervenit.
