2509 3917
427 184 493 245 Ltb'.
512 194 533 247 Ι.
558 212 584 249 v.
605 196 703 246 1-25,

384 339 531 397 AUCTOR
548 342 742 398 PROPONIT.

77 464 269 528 Scribentem
291 465 372 527 iuvat
392 466 456 544 ipse
479 463 563 526 labor
584 463 750 544 minuitque
772 465 917 536 laborem,
1003 469 1006 476 ’

123 549 257 631 Cumque
278 568 333 611 suo
356 567 496 611 crescens
518 557 641 627 pectore
664 550 759 611 lervet
781 568 872 629 opus:

76 631 191 695 Taliter
213 635 357 696 historiae
379 635 526 695 Troianae
549 633 670 696 demere
692 632 776 710 falsa,

119 718 267 779 Promere
286 736 356 779 vera
379 737 463 781 meus
485 720 538 779 ivit
559 721 590 779 in
614 738 696 781 arma
719 719 813 780 stilus.

76 803 267 865 Automedon
289 821 388 880 verus,
411 806 514 884 etqui
536 803 615 864 videt
638 806 737 865 omnia
759 802 901 864 Phoebus

120 887 160 948 Ut
181 886 260 950 hene
282 895 383 953 currat
404 904 490 965 opus,
512 889 561 958 sit,
584 904 668 967 rogo,
692 895 772 949 temo
794 906 888 950 meus.

362 1067 550 1123 NARRATIO
567 1066 757 1124 AUCTORIS.

17 1219 18 1222 κ
77 1174 202 1237 Crethei
223 1174 323 1253 proles
345 1173 442 1234 Pelias
464 1172 681 1254 Pelopensibus
703 1172 772 1234 olim

17 1279 18 1282 ¹
63 1330 65 1335 ,
121 1257 263 1337 Imperat,
287 1256 368 1318 illius
390 1256 498 1319 Aeolus
521 1266 601 1319 extat
623 1276 705 1320 avus.

77 1342 190 1404 Frater
213 1347 276 1403 erat
298 1341 397 1404 Peliae
420 1342 465 1401 vel
488 1360 547 1403 non
569 1342 708 1421 ignobilis
730 1346 835 1411 Aeson,

119 1426 240 1488 Jasonls
261 1428 318 1488 iste
339 1434 435 1506 pater,
458 1427 581 1488 Graecia
605 1437 685 1489 terra
708 1427 773 1488 luit.
1013 1436 1047 1485 10
1088 1427 1103 1438 ‘

77 1511 174 1572 Jason
197 1508 351 1572 amabatur
373 1531 390 1573 a
412 1514 539 1586 cunctis,
563 1529 682 1589 semper
704 1528 835 1572 amorem

123 1594 316 1657 strennuitas
338 1597 417 1656 socia
440 1595 608 1675 dapsilitate
630 1594 720 1655 dedit.

17 1735 19 1744 s
50 1679 161 1746 ,Vicit
184 1688 214 1741 et
235 1677 339 1740 invidit
360 1687 485 1759 patruus
509 1678 657 1758 tituloque
678 1680 817 1759 pavescit,

17 1763 19 1778 '
119 1764 184 1825 Hoc
207 1770 358 1842 sceptrum
379 1765 467 1842 regni
489 1781 626 1826 creseere
648 1763 748 1824 lorsan
772 1765 808 1834 ei,

74 1848 209 1909 lntendit
230 1849 366 1909 iuvenem
389 1849 447 1908 vita
468 1850 598 1927 privare,
621 1866 677 1909 nec
699 1846 772 1908 illud
912 1901 917 1910 ,
1014 1860 1046 1909 15

96 1932 220 1993 nudet
242 1934 318 1993 inire
340 1932 449 2012 palam,
473 1931 599 1993 fabricat
621 1951 691 2011 erga
715 1931 825 1993 dolum.

17 2017 19 2080 l
74 2015 206 2078 Colchos
227 2018 363 2077 inaurata
385 2018 518 2077 vervecis
540 2016 619 2095 pelle
642 2016 778 2095 refulget,

120 2099 249 2171 Vellera,
274 2103 325 2180 qui
347 2103 454 2179 rapiet,
478 2101 586 2179 dignus
608 2101 722 2162 honore
745 2103 833 2162 toret.

74 2185 188 2246 Pensat
210 2202 245 2245 eo
267 2203 321 2245 rex
343 2185 520 2247 Aesonidem
543 2185 599 2247 hac
621 2188 742 2246 mittere
763 2192 873 2255 mente,

114 2270 212 2350 ¹Forte
234 2277 340 2348 petens
362 2269 478 2331 laudem
501 2270 635 2348 proteret
655 2268 705 2330 ille
727 2288 841 2333 necem.
1012 2280 1046 2328 20

76 2353 133 2423 „Si
156 2356 256 2433 quis“,
280 2355 329 2424 ait,
353 2355 447 2430 „mim
469 2353 605 2415 retulerit
627 2371 694 2414 cum
718 2353 795 2432 pelle
818 2353 1011 2433 triumphum,

17 2481 18 2484 ,
118 2437 202 2508 Quae
225 2435 288 2498 vult
309 2445 413 2516 poscat
435 2439 568 2513 ethaeo,
593 2455 641 2497 me
663 2436 824 2505 tribuente,
848 2437 957 2499 lerat.“

76 2521 142 2582 Hoc
164 2520 243 2583 calet
264 2521 363 2582 edicto
385 2541 469 2583 mens
492 2523 617 2591 Jasonls,
641 2520 757 2582 aemula
779 2520 883 2591 laudis,

19 2619 25 2626 ·
121 2606 189 2666 Jam
212 2607 285 2667 lacit
307 2606 336 2667 in
352 2608 449 2668 variis
471 2607 558 2667 fortia
580 2607 658 2668 lacta
681 2606 764 2676 locis,

77 2685 302 2769 Veraquenon
324 2709 429 2770 parvas
452 2692 549 2751 animo
572 2690 622 2751 dat
644 2691 736 2768 gloria
758 2691 844 2761 vires,
1012 2700 1045 2750 26

75 2822 283 2835 ————-—-

147 2894 170 2941 1.
194 2894 219 2942 2.
255 2890 350 2942 Ovidii
372 2896 437 2942 sunt
454 2892 535 2943 Pont.
555 2891 606 2954 111,
618 2894 649 2953 ,9,
668 2893 709 2945 21.
727 2892 768 2953 22,
793 2892 842 2941 ubi
858 2894 953 2942 tamen
972 2891 1046 2943 Scri-

75 2956 191 3011 bentem
207 2957 290 3022 juvat
307 2959 368 3025 ipse
387 2959 473 3022 lavor,
492 2959 647 3024 minuitque
667 2963 721 3009 etc.
791 2960 814 3009 5.
832 2959 944 3023 Margo:
961 2958 1047 3010 Invo-

76 3030 133 3082 cat,
204 3028 228 3079 7.
248 3028 361 3092 Margo:
380 3025 484 3078 Aeolus
502 3027 570 3076 deus
587 3031 732 3076 ventorum

283 3093 417 3145 Cretheus
436 3109 502 3145 suus
519 3093 593 3144 filius

246 3163 616 3205 Q

248 3213 344 3265 Pelias
362 3219 391 3265 et
408 3211 501 3265 Aeson
520 3215 620 3265 iratres

352 3348 441 3399 Jeson
458 3347 541 3400 filius.
1128 3403 1134 3408 ,

74 3413 146 3533 ἔξω
147 3416 315 3536 1:emrxnjnrgine
333 3431 382 3482 pro
401 3416 514 3483 pellere.
603 3418 642 3471 19.
672 3415 800 3470 Aesonii.
818 3414 1047 3481 superscriptum:
