2509 3917
340 251 346 256 Ι
428 185 492 236 uss.
511 185 543 235 v,
578 202 603 237 v.
623 188 766 237 aes-ces.
1021 185 1082 250 163

116 338 206 407 Audi,
228 355 284 399 reu
303 339 404 398 1991191
427 354 494 398 nro:
518 357 578 399 nnn
600 355 653 399 nre
677 327 798 407 diserto,
1036 348 1086 399 935

163 427 201 484 nt
224 429 322 482 tamen
345 429 392 482 est
413 425 531 483 animus
552 423 643 483 edere
666 441 757 502 pauca
781 422 862 484 mibi.

118 507 187 569 Non
209 504 306 568 bonus
329 516 374 568 est
395 508 477 575 civis,
500 509 553 585 qui
574 507 707 586 praefert
728 504 842 568 civibus
864 506 989 577 hostem,

162 590 216 652 Vel
240 592 291 670 qui
314 593 377 652 cive
398 592 493 668 magis
515 599 643 672 occupat
664 591 748 651 hoste
771 590 879 664 la1·em;

119 675 181 746 Qui
203 678 286 754 spuit
307 677 338 735 in
354 677 515 755 propriam,
538 675 650 754 prnbra
665 676 779 754 spargit
793 676 923 754 propria,
946 674 1085 745 barbam:

164 758 287 827 Nidum,
311 778 369 840 qun
391 759 516 830 residet,
540 760 658 820 sordida
681 759 782 820 lnedat
803 761 873 820 avis.
1035 769 1087 818 949

121 844 223 922 Turpe
246 843 447 905 rudimentum
470 846 585 923 patriae
607 860 777 923 proponere
800 844 945 906 Graecum

164 928 202 988 Et
223 945 341 988 servum
363 929 428 989 vitii
449 938 554 1006 pectus
575 925 688 989 habere
710 946 805 989 suum.

120 1012 263 1073 Cernitur
284 1013 418 1072 Antenor
440 1010 537 1088 longis
559 1010 734 1090 ambagibus
754 1031 827 1074 9999

165 1096 274 1157 'letum
296 1113 435 1156 sermone
457 1096 620 1157 detinuisse
643 1095 731 1158 diem.

120 1180 228 1241 Deficit
250 1180 375 1251 auditor,
398 1198 459 1241 999
482 1181 580 1241 deficit
600 1181 665 1259 ipse
687 1179 851 1260 loquenda:
1037 1191 1087 1241 945

164 1265 240 1325 Sunt
261 1263 320 1325 sibi
342 1266 392 1343 qni
413 1263 475 1325 sola
497 1263 672 1343 garrulitate
693 1263 820 1344 placent.

120 1350 281 1427 Postquam
301 1351 400 1427 pirosa
424 1347 584 1409 verborum
607 1350 723 1427 gurgite
744 1347 845 1425 lingua

164 1431 307 1502 Elllnitat,
331 1441 427 1494 tntum
449 1431 552 1494 scibile
574 1435 652 1493 scire
673 1439 766 1512 putat.

119 1518 227 1579 Sermo
250 1517 336 1578 datur
358 1517 468 1587 multis,
492 1517 581 1577 animi
603 1517 749 1595 sapientia
771 1517 883 1595 paucis,

162 1600 269 1663 Nonne
290 1601 348 1662 luit
370 1600 488 1661 brevior
510 1619 597 1680 quam
619 1618 673 1662 sua
694 1598 784 1660 verba
807 1600 889 1661 dies?
1036 1609 1088 1659 959

120 1686 292 1765 Speraram
316 1685 395 1765 quod
419 1703 474 1763 pro
496 1687 592 1765 patria
615 1683 777 1765 placitaret
798 1692 828 1744 et
850 1684 934 1756 urbe,

164 1773 201 1830 At
222 1786 290 1847 spes
312 1775 444 1847 optatum
467 1787 527 1830 non
549 1769 616 1830 tulit
639 1766 688 1829 illa
710 1768 836 1829 lucrum.

121 1852 243 1915 Civibus
266 1852 346 1914 illius
369 1861 457 1914 nocet
479 1852 624 1934 allegatio,
646 1854 771 1932 prodest

164 1934 322 2008 Hostibns;
346 1946 391 1998 est
413 1955 505 1998 unum
528 1939 600 1999 civis
623 1944 653 1998 et
674 1937 769 1998 bostis
790 1939 826 1997 ei.

120 2022 161 2084 Ut
182 2021 292 2101 probra
315 2039 475 2101 pensemus
497 2022 606 2083 Danais
629 2029 659 2082 et
680 2021 787 2082 damna
809 2022 935 2092 luamus,
1036 2030 1086 2081 955

164 2107 319 2167 Praedicat
341 2113 371 2166 et
391 2106 542 2185 populum,
567 2107 619 2183 qui
641 2104 700 2167 sibi
723 2104 834 2176 credat,
857 2105 957 2168 babet.

121 2189 159 2251 Et
180 2187 264 2267 plebs
286 2189 364 2251 illius
387 2190 475 2251 dictis
497 2190 644 2251 censentit
666 2198 697 2250 et
718 2196 821 2249 errant

164 2274 367 2354 Errnremque
390 2292 487 2343 suum,
511 2292 571 2353 qun
593 2279 742 2342 tueantur,
766 2270 891 2341 babent;

122 2359 298 2420 Consumtas
320 2357 514 2437 querelantur
537 2375 617 2437 npes,
641 2356 844 2436 populumque
866 2359 1022 2426 minutum,

165 2441 293 2504 Brachia
315 2440 402 2512 iesse,
426 2443 470 2503 rei
492 2442 599 2512 taedia,
621 2448 711 2519 teque
733 2458 846 2501 senem.
1004 2469 1009 2475 =
1037 2449 1087 2501 969
1167 2451 1171 2457 ·

122 2526 188 2587 Non
211 2532 257 2586 est
278 2526 387 2603 regalis
409 2525 550 2587 exhausta
572 2525 715 2603 patentia,
737 2522 858 2604 grandis

164 2609 268 2671 Restat
290 2610 386 2671 adhuc
408 2610 539 2691 populis,
559 2610 736 2671 strenuitate
757 2614 872 2687 potens.

121 2694 202 2765 Quid
225 2694 327 2763 relert,
350 2698 377 2764 si
399 2695 563 2773 degeneres
584 2696 615 2754 in
638 2693 734 2754 taedia
757 2693 843 2753 vertit

165 2776 240 2839 Belli
261 2797 328 2839 sors
349 2781 435 2840 annis
458 2780 627 2840 continuata
650 2778 764 2838 decern.

190 3047 248 3100 93⁷.
266 3045 467 3101 Nereidum.
488 3063 514 3112 p.
532 3045 647 3101 619119,
668 3050 689 3095 1.
763 3048 823 3097 945.
840 3047 883 3098 46.
902 3044 1086 3113 (Maximian.)

115 3114 141 3178 Ι,
160 3115 218 3165 203.
228 3116 255 3175 4,
266 3113 417 3164 secundnm
428 3128 538 3164 versum
553 3119 646 3165 tamen
658 3114 770 3164 Maxim.
782 3117 877 3165 noster
890 3115 1017 3167 imitatus
1030 3120 1086 3166 est:

353 3205 376 3256 0
395 3204 454 3256 sole
472 3205 558 3256 fortes
576 3205 741 3271 garrulitate
760 3221 848 3261 senes.

190 3300 249 3351 949.
268 3297 366 3348 Geton.
386 3297 548 3362 dist.1‚10.
568 3312 588 3349 9.
610 3298 776 3361 deductis,
797 3315 821 3356 a.
841 3316 862 3350 9.
880 3316 906 3364 9.

189 3384 247 3437 958.
266 3380 346 3435 ovid
363 3382 440 3435 Fast.
458 3381 480 3445 I,
497 3383 530 3432 32

297 3467 478 3531 Erroremque
497 3479 583 3530 suum,
603 3481 657 3530 quo
675 3471 794 3531 tueatur,
813 3467 905 3516 habet.

832 3547 883 3596 ll*
