2509 3917
159 199 234 265 ,164
329 208 333 215 ·
483 200 545 251 uro.
566 201 599 252 v.
637 217 662 250 v.
680 201 825 252 ooo-soa.

169 355 254 417 Mens
277 361 377 415 tamen
391 351 520 421 illorum.
545 351 651 431 quibus
666 361 711 413 est
726 371 821 433 equus
836 361 865 414 et
880 371 955 432 puer
970 360 1001 413 et
1015 370 1066 412 res
1087 361 1141 410 965

213 439 250 499 Et
271 438 387 498 virtutis
409 454 502 513 amor,
525 436 696 516 insuperata
719 446 828 499 manet.
909 471 913 474 -

171 522 267 585 Nemo
289 522 462 601 pruinosam
485 538 539 581 rex
562 523 592 581 in
614 527 645 581 te
667 538 812 600 spernere
834 520 922 581 debet

214 606 394 675 Caesariem,
419 604 472 666 tibi
495 605 559 665 laus
580 607 707 682 contigit
728 615 796 666 ante
818 605 906 667 diem.

170 688 308 752 Nondum
332 696 420 749 natus
442 706 518 758 eras,
541 688 592 749 sed
617 706 683 749 eras
706 697 777 750 tuno
798 690 903 752 matris
925 692 957 750 in
980 687 1055 758 alvo,
1244 723 1245 776 p

214 776 306 835 Ferre
328 773 481 835 terebatur
503 772 603 834 nobile
626 781 722 834 mater
744 791 827 835 onus.
1091 781 1145 830 otu

171 856 275 930 Qualia
299 866 330 918 tu
352 859 470 938 genitus
493 857 649 936 genuisses
671 858 779 935 gaudia
801 874 904 935 regno,

212 942 333 1005 Plaudit
354 941 451 1004 adhue
473 940 550 1001 laeto
572 941 705 1002 carmine
728 942 806 1002 lama
827 939 947 1021 loquax.

171 1029 217 1092 Tu
238 1046 314 1106 puer
337 1035 367 1088 et
386 1027 514 1106 Juvenis,
537 1026 637 1086 audivi
659 1027 778 1106 saepius
799 1028 864 1098 ista,
953 1047 959 1057 ·

215 1112 322 1190 Segnis
345 1109 493 1172 nobilibus
515 1109 614 1170 indole
638 1111 737 1171 clarus
759 1128 834 1171 eras.

171 1194 312 1257 inberbis
333 1193 457 1273 juvenis,
481 1194 599 1256 tandem
622 1195 747 1257 custode
770 1201 895 1264 remoto,

215 1279 318 1357 Regna
340 1279 472 1340 tuebaris
494 1280 582 1340 unica
607 1278 711 1341 dextra
733 1282 838 1359 patris.

172 1363 218 1425 'lu
241 1363 333 1425 deous
356 1381 388 1423 es
409 1362 537 1441 patrium
560 1372 627 1443 post
648 1364 708 1424 lata
729 1371 853 1442 paterna
877 1372 998 1424 secutus

214 1447 365 1509 Nobiliore
388 1447 512 1509 studens
533 1464 627 1525 regna
650 1456 754 1508 tenere
776 1456 864 1522 statu,

172 1531 304 1604 Viribus,
328 1533 458 1610 ingenio,
481 1533 592 1611 specie,
616 1533 734 1601 virtute,
757 1532 833 1601 loco,
856 1550 890 1593 re

217 1614 349 1695 Singula,
373 1633 449 1693 quae
472 1616 591 1677 luerent
611 1613 678 1694 Jure
701 1616 991 1697 patrandaspatras,

173 1702 348 1780 Asperitatis
372 1707 401 1760 et
422 1699 551 1760 invidiae
574 1709 729 1762 corrector
751 1708 782 1761 et
802 1702 864 1762 irae

214 1785 292 1845 Aura
315 1802 421 1844 serena
446 1784 542 1855 bonis,
566 1802 656 1863 scopa
678 1802 782 1847 severa
805 1784 899 1846 malis.

175 1868 289 1929 Graeca
312 1870 486 1947 supervenit
507 1868 648 1931 violentia
671 1868 793 1939 viribus,
817 1870 918 1938 armis,

214 1950 345 2013 Navibus
368 1961 397 2013 et
420 1951 506 2014 bellis
529 1951 630 2014 littora
653 1952 768 2014 Teuora
789 1970 938 2032 premens.

173 2037 292 2098 Restitit
314 2034 453 2114 Argolico
476 2045 525 2097 tua
549 2037 718 2098 sollicitudo
741 2037 837 2097 lurori

216 2121 361 2201 Expensis
384 2119 454 2180 belli
475 2139 532 2199 per
554 2121 613 2183 duo
636 2121 728 2182 lustra
750 2121 835 2183 datis.

177 2206 249 2267 Cum
273 2211 316 2265 tot
339 2205 485 2265 sustineas
508 2213 538 2265 et
559 2213 642 2266 tanta
665 2208 784 2284 negotia
807 2205 896 2274 solus,

218 2288 303 2351 utens
324 2287 506 2350 invincibilis
529 2296 559 2350 et
581 2289 657 2350 bene
679 2290 765 2351 firma
788 2297 897 2350 manet.

174 2373 300 2434 Mutavit
321 2380 452 2434 mentem
475 2372 604 2453 populus
626 2373 700 2435 levis
722 2382 751 2434 et
774 2373 851 2435 calet
873 2391 932 2435 uno

221 2457 371 2519 Stortendi
394 2457 492 2518 studio
515 2457 665 2519 deteriore
688 2457 795 2527 modo;

177 2540 330 2619 Tanquam
352 2550 490 2621 pascatur
513 2539 631 2619 siliquis
654 2551 686 2602 et
705 2559 783 2622 pane
805 2541 936 2603 seeundo

219 2626 385 2686 Murmurat
407 2634 437 2686 et
458 2623 543 2686 labiis
565 2624 702 2705 improba
726 2633 792 2686 rota
814 2624 930 2705 probat.

243 2810 302 2863 996.
319 2810 387 2862 Hor.
405 2809 437 2862 A.
457 2809 487 2859 P.
505 2812 555 2861 248

245 2873 431 2927 offenduntur
449 2877 532 2936 enim,
552 2876 652 2941 quibus
670 2881 715 2928 est
733 2890 820 2941 equus
839 2882 868 2927 et
885 2881 967 2942 puter
984 2881 1011 2926 et
1028 2889 1075 2925 res

177 2943 261 2993 etiarn
279 2943 329 2998 olr.
348 2941 526 3011 (Maximien)
543 2945 565 3003 Ι,
584 2946 618 2996 34
636 2959 675 3009 sq.

329 3012 389 3063 Hos
406 3012 479 3062 inter
496 3012 606 3062 virtutis
625 3026 702 3077 opes,
721 3012 874 3063 tolerantie
892 3026 982 3061 rerum

366 3080 521 3145 spernebat
540 3084 656 3129 cunetas
674 3081 838 3144 insuperata
857 3079 954 3129 mines.

177 3146 235 3196 975.
256 3150 299 3197 est
315 3146 413 3197 Horat.
431 3146 483 3197 Ars
499 3152 572 3212 poet.
591 3162 617 3198 r.
638 3149 695 3198 161.
764 3148 823 3197 916.
841 3146 938 3211 Margo
956 3149 996 3206 tu,
1015 3145 1078 3196 dieo
1098 3159 1152 3210 pro

176 3213 305 3276 ‚,unioo“.
403 3215 463 3264 977.
481 3221 601 3264 secutus.
621 3212 706 3266 schol.
726 3213 786 3265 soil.
805 3228 930 3280 regnum.
1028 3213 1089 3263 981.
1109 3216 1153 3263 esi

176 3280 276 3330 Horat.
295 3280 345 3342 Ep.
364 3281 401 3340 ΙΙ,
421 3281 444 3340 1,
465 3283 488 3329 1.
559 3282 617 3331 989.
637 3282 680 3332 90.
700 3285 743 3332 est
760 3282 829 3332 Hor.
849 3282 936 3346 Epist.
957 3280 993 3339 II.
1013 3282 1036 3344 1,
1059 3281 1118 3335 108.
1137 3283 1153 3331 9
1239 3327 1240 3354 p

177 3347 227 3396 ubi
245 3349 340 3395 tomen

314 3408 460 3459 Scribendi
478 3409 577 3471 studio,
595 3414 730 3477 puerique
748 3420 898 3479 patresque
916 3416 1008 3466 sereri

178 3477 237 3526 891.
254 3476 322 3524 Hor.
338 3476 428 3539 Epist.
447 3476 483 3536 11,
503 3478 525 3538 l,
546 3477 603 3525 123.
621 3477 692 3528 vivit
710 3479 752 3530 sil.
771 3485 799 3531 et
816 3498 842 3547 p.
862 3496 882 3531 s.
