2509 3917
163 216 229 263 v111
587 198 740 249 Praefatio.

642 291 652 314 0

164 352 242 414 berti
263 352 364 430 prodit
385 354 474 413 etiam
497 349 651 430 catalogus
673 352 813 430 antiquus
835 348 1034 410 bibliothecae
1057 349 1132 411 linr-

165 436 394 499 desbolmiensis
418 435 484 517 (lib.
508 438 560 497 cit.
575 455 604 515 p.
622 432 674 513 39)
697 435 829 496 codicem
853 452 933 495 nunc
955 433 1132 516 Guelferby-

164 534 266 584 tanum
290 520 346 583 sub
368 521 424 582 litt.
450 522 485 584 G.
511 538 558 582 ur.
584 518 632 582 18.
657 536 910 580 commemorans:
946 518 1133 599 „Philippice

166 606 267 669 Tullii.
312 603 438 687 Troylus
466 603 580 667 liberti
613 602 730 665 abbatis
763 603 930 665 stadensis“
962 603 1132 683 inscriptio·

167 690 272 753 uibus:
301 689 402 761 „liber
431 697 551 751 sanctae
578 689 689 749 blariae
716 689 747 748 in
771 688 1058 749 Novomonasterio“
1082 707 1131 749 or·

165 784 278 840 natum.
322 775 421 836 Codex
443 776 535 852 igitur
554 771 614 851 jam
638 780 707 832 ante
728 789 838 833 annum
857 767 953 841 1332,
978 790 1037 850 quo
1054 789 1135 834 anno

167 860 356 939 praepositus
383 859 523 919 Hinricus
551 856 727 934 Suiucborg
755 865 932 918 conventum
954 856 1131 918 Novimona·

165 945 250 1006 storii
271 943 520 1005 Bordesholmum
542 943 727 1021 transposuit
755 940 810 1002 sub
833 940 890 1001 hoc
912 940 999 1001 titulo
1024 948 1053 1001 et
1075 942 1132 1002 bac

164 1029 361 1105 inscriptione
391 1029 468 1088 iuter
502 1024 597 1087 libros
625 1027 753 1087 Sanctae
781 1026 889 1086 blariae
922 1026 952 1085 in
981 1023 1130 1086 Holsatiae

165 1112 247 1174 Noro
269 1112 451 1173 blouasterio
474 1110 697 1172 adservabatur.

250 1196 396 1271 Cannici,
425 1194 506 1275 quod
536 1213 568 1256 se
591 1213 669 1256 anuo
694 1191 776 1256 1249
799 1196 964 1255 coniecisse
987 1195 1017 1254 in
1040 1212 1131 1272 supra

165 1282 338 1364 memoratis
370 1279 506 1342 versibus
536 1288 642 1354 auctor
669 1281 734 1357 ipse
762 1280 816 1349 ait,
851 1281 995 1358 imposuit
1019 1297 1127 1339 nomeu

164 1364 255 1426 Troili
290 1374 320 1427 et
351 1373 473 1444 propter
507 1361 616 1424 bellum
649 1362 812 1442 Trojanum
846 1372 876 1423 ct
903 1363 982 1442 quod
1010 1361 1133 1423 Troilus

164 1450 241 1512 filius
263 1450 361 1510 iuerat
381 1449 507 1509 Priami:

208 1532 346 1603 „Troilus
370 1544 414 1594 est
436 1530 556 1593 Troilus
578 1532 709 1611 Trojano
732 1533 868 1611 principe
892 1539 987 1601 natus,

251 1618 289 1678 Et
311 1617 387 1678 liber
410 1627 454 1678 cst
476 1616 595 1678 Troilus
618 1616 656 1676 ob
680 1617 786 1676 Troica
809 1614 886 1676 bella
909 1624 1060 1683 vocatus“,

168 1703 218 1780 qui
240 1720 343 1763 versus
363 1703 395 1762 in
418 1703 476 1761 fine
499 1701 644 1780 prooemii
667 1708 697 1760 et
725 1698 794 1761 libri
816 1702 907 1762 totius
928 1701 1132 1762 inveniuntur.

164 1787 272 1847 Totum
296 1803 427 1854 carmen,
450 1784 582 1861 exceptis
598 1787 745 1861 prooemii
762 1794 791 1845 ct
806 1791 1048 1863 argumentorum
1065 1803 1133 1845 ver·

170 1870 253 1932 sibus
275 1879 371 1930 metro
389 1868 510 1929 heroico
527 1871 709 1947 compositis,
733 1869 863 1945 elegiaco
877 1879 973 1930 metro
989 1869 1131 1948 scriptum

167 1952 328 2032 Trojuuum
355 1961 386 2014 et
417 1954 599 2014 Graecorum
629 1952 757 2031 proelia,
786 1954 952 2033 Trojaeque
980 1953 1131 2015 excidium

168 2041 301 2100 continet
333 2038 419 2100 libris
455 2056 520 2108 aex,
555 2036 693 2100 versibus
714 2034 800 2100 5320
829 2047 862 2099 ut
888 2046 975 2117 poeta
1004 2040 1068 2117 ipse
1091 2040 1131 2099 ait

166 2122 227 2202 (lib.
251 2123 334 2183 viv.
359 2119 421 2183 735
436 2120 528 2202 sqq.):

207 2208 287 2278 „Tot
308 2209 415 2286 positis
436 2206 571 2267 numeris
594 2206 680 2265 etiam
704 2206 831 2266 fortasse
853 2206 991 2285 requiris,

250 2291 379 2353 Currere
400 2290 556 2351 versiculis
578 2297 653 2367 quot
673 2288 751 2350 liber
774 2292 829 2351 iste
852 2290 935 2358 relit;

209 2377 263 2438 bis>
283 2377 366 2438 denis
389 2375 464 2436 adde
487 2383 654 2436 tercentum
677 2373 769 2436 nrillia
792 2376 933 2452 quinque,

251 2460 314 2522 Hoc
336 2479 462 2522 numero
484 2468 582 2521 textus
605 2461 715 2520 teritur
737 2458 912 2521 historiae·‘.
965 2527 968 2536 ,

252 2543 314 2615 Qua
347 2563 449 2613 causa,
483 2545 541 2604 lroc
569 2553 601 2603 ut
627 2561 749 2604 carmen
773 2543 874 2610 iaciat,
908 2551 1061 2622 permotus
1083 2544 1133 2618 sit,

164 2631 228 2706 ipse
251 2631 340 2688 ctiam
364 2636 466 2689 narrat
489 2627 549 2704 (lib.
573 2626 610 2689 Vl
634 2646 657 2688 r.
682 2623 746 2688 365
761 2630 854 2705 sqq.):

208 2713 267 2788 „m
288 2711 414 2772 luctasse
437 2711 539 2789 legens
561 2712 605 2772 sic
627 2711 714 2782 dicet,
739 2730 793 2772 cur
814 2710 882 2772 tulit
903 2720 1006 2773 auctor

251 2797 283 2856 ln
306 2814 454 2857 cameram
477 2796 569 2857 studii
591 2796 697 2856 Troica
721 2794 797 2856 bella
821 2795 898 2857 sibi?

208 2881 273 2942 Non
297 2889 421 2961 propter
442 2879 562 2959 Trojam
586 2880 747 2959 Trojanum
770 2878 903 2940 scribere
927 2879 1038 2940 bellum

250 2966 309 3026 Aut
331 2966 429 3045 coepit
451 2964 602 3044 Phrygum
626 2963 786 3025 sollicitare
808 2963 925 3042 stylum,

208 3049 267 3110 Sed
290 3049 396 3110 ductus
418 3047 544 3110 meliore
567 3051 611 3107 via
635 3066 827 3127 compescere
848 3066 956 3129 pravos

250 3134 286 3195 Et
308 3150 427 3194 servare
450 3132 498 3192 dci
520 3132 581 3194 vult
602 3135 634 3192 iu
657 3150 758 3193 amore
781 3131 885 3193 bonos.

210 3221 299 3281 Grata
321 3216 448 3278 medulla
472 3218 545 3277 latet
566 3218 648 3280 omni
670 3215 725 3277 sub
749 3218 862 3277 cortice
884 3234 997 3287 rerum,

250 3302 287 3363 Et
309 3300 449 3362 nucleum
473 3299 549 3361 celat
570 3299 653 3361 arida
676 3308 751 3361 testa
774 3299 896 3362 bonum.

207 3387 267 3448 Nos
289 3385 377 3448 docet
398 3385 539 3455 Herodes,
564 3387 641 3446 sicut
663 3386 795 3462 Baptista
818 3386 979 3453 lohannes,

249 3471 355 3532 Erudit
375 3472 431 3532 iste
454 3470 558 3547 bonos,
582 3472 700 3531 territat
721 3471 778 3530 istc
799 3470 909 3537 malos;
