2509 3917
161 218 236 283 ,128
394 175 401 184 ’
531 215 658 270 11111.
684 231 709 272 v.
729 218 871 272 ros-eno.

172 371 269 442 Quam
294 368 366 429 ditat
390 386 518 446 gemma,
543 368 665 429 decorat
686 367 847 447 sculptura,
870 375 972 430 tacere

219 454 262 514 [le
284 453 362 514 fulvo
387 459 519 513 mustum
543 456 610 514 va'se
633 459 756 530 gerente
778 450 854 512 uolo.
1097 457 1147 510 790

175 538 240 600 Hoc
263 554 379 616 quoque
403 535 545 607 transilio,
569 535 649 616 quod
672 534 749 596 bella
772 534 932 597 monilibus
954 538 1030 614 ipsis

218 622 443 699 Aequiparativa
465 638 520 699 pro
542 621 669 701 paritate
691 626 785 700 parat.

176 703 287 766 Taedia
310 722 347 764 ne
369 705 491 784 pariam,
516 702 700 784 praeclaram
726 710 847 764 transeo
868 704 980 773 vittam,

219 789 300 860 Quae
322 791 431 868 premit
454 790 605 866 egregiam
628 806 684 847 ceu
708 785 841 848 diadema
863 794 988 851 comam.

1238 311 1240 350 l

1238 357 1240 399 l

178 875 278 935 Aurea
300 873 447 933 caesaries
468 871 526 932 sub
547 873 617 932 vitta
641 870 716 932 colla
737 880 883 950 pererrat,
1101 884 1152 933 795
1238 885 1239 946 ἶ

216 957 357 1034 Litigium
380 956 473 1017 crinis
495 956 573 1016 lulva
594 955 725 1017 refrenat
748 972 828 1015 acus.

175 1041 228 1102 Est
251 1042 332 1100 11111
354 1042 474 1100 incessu
496 1058 567 1120 pars
590 1057 651 1099 non
673 1047 822 1100 contemta
845 1037 971 1109 decoris,

220 1122 365 1185 Observat
388 1122 518 1183 medium
541 1122 762 1202 progrediendo
784 1122 919 1201 gradum.

177 1209 250 1269 Cum
273 1206 360 1276 ridet,
383 1206 461 1266 ridet
482 1216 578 1268 autem
602 1226 658 1286 pro
681 1215 823 1286 tempore,
847 1207 925 1267 ridet

206 1295 259 1355 -Ut
280 1308 412 1351 summos
435 1291 539 1350 dentes
560 1292 618 1350 ima
642 1290 749 1352 labella
771 1298 882 1367 tegant.
1100 1303 1153 1353 800

178 1376 228 1438 Sic
250 1375 343 1444 sedet,
365 1376 410 1434 sic
433 1374 512 1434 culta
534 1375 599 1444 luit,
624 1375 667 1433 sic
689 1375 813 1434 stamina
836 1375 913 1435 nevit

220 1458 351 1521 Candida
374 1475 440 1518 cum
464 1459 551 1518 sociis
573 1457 762 1519 Penthesilea
784 1459 855 1523 suis.

176 1545 311 1606 Militiam
333 1543 430 1604 lorma
452 1542 495 1602 sic
517 1550 604 1602 ornat
625 1541 742 1610 florida,
765 1544 891 1603 formam

219 1628 322 1689 lnclita
347 1624 458 1695 militia,
482 1625 703 1705 compuliuntur
725 1627 775 1685 ita.

178 1712 267 1778 Haec,
286 1707 359 1790 'quia
381 1708 473 1770 multa
496 1708 551 1770 sibi
574 1709 629 1768 lull
652 1711 834 1788 experientia
857 1709 936 1779 belli,
1099 1720 1151 1769 805

221 1793 384 1872 Trojanum
406 1791 516 1853 bellum
539 1811 610 1870 rege
632 1800 753 1872 petente
775 1795 861 1872 petit.

493 1921 552 1991 [nu
570 1921 828 1991 nunzouisus]

179 2028 233 2089 Est
254 2030 286 2088 in
308 2028 508 2089 Amazonibus
530 2027 604 2087 baec
627 2028 825 2088 consuetudo:
849 2034 996 2104 reguntur

105 2117 111 2126 '
221 2111 280 2171 Per
303 2129 334 2170 se
356 2112 466 2172 nullius
489 2110 545 2171 sub
568 2111 679 2171 ditione
702 2114 767 2178 viri,

178 2195 216 2256 Et
237 2196 349 2275 puteris
372 2212 508 2255 sermone
532 2193 624 2264 brevi,
649 2212 737 2274 quam
761 2196 889 2256 dicimus
911 2204 1015 2270 ortam,

221 2280 252 2338 Si
275 2296 339 2339 mea
361 2278 452 2338 verba
474 2285 568 2346 notes,
592 2278 750 2339 enucleare
772 2280 825 2339 111.
1096 2288 1150 2337 810

180 2365 255 2423 Ante
278 2364 514 2439 quadringentos
537 2370 567 2421 ct
589 2362 784 2442 quadraginta
807 2363 853 2423 bis
876 2379 980 2438 annos

223 2445 320 2516 Quum
343 2453 431 2525 caput
453 2446 570 2523 imperii
593 2446 713 2507 condita
735 2446 828 2507 Roma
850 2447 918 2515 luit,

179 2530 292 2591 lndclis
314 2532 452 2607 egregiae
473 2527 598 2607 juvenes
620 2530 679 2590 duo
702 2531 778 2590 sorte
800 2530 978 2609 Scytharum

221 2614 297 2692 lpsis
318 2612 504 2693 temporibus
526 2614 682 2674 incoluere
704 2615 818 2683 solum;

179 2696 294 2776 Plinius
315 2714 392 2757 unus
415 2704 487 2764 erat,
512 2696 638 2758 decorus
661 2698 853 2776 Scolopeclus
875 2700 960 2767 alter,
1098 2708 1151 2757 815

223 2780 369 2841 Strenuus
392 2787 421 2840 et
443 2780 556 2841 validus
578 2799 655 2841 unns
678 2789 707 2841 11
730 2782 808 2842 alter
831 2790 902 2851 erat,

180 2861 236 2932 Qui
260 2862 350 2924 multa
373 2867 443 2943 quia
465 2862 618 2942 pollebant
641 2867 759 2937 virtute,
783 2866 877 2944 fugati

221 2945 332 3009 Invidia
356 2949 445 3008 terris
467 2955 537 3007 sunt
558 2948 729 3009 stimulante
752 2951 823 3011 suis.

179 3030 260 3091 Haec
282 3031 330 3093 lar
352 3032 480 3093 invidiae
503 3040 673 3108 magnatum
695 3033 809 3113 prodiit
831 3036 924 3111 igne„

225 3114 328 3176 Robur
351 3115 513 3177 eorundem
537 3134 610 3194 quos
633 3118 768 3178 timuisse
791 3119 892 3196 liquet.
1094 3125 1148 3174 820

248 3284 305 3332 797.
324 3282 382 3332 cod.
401 3298 472 3346 prae.
542 3286 600 3334 800.
620 3284 669 3333 Or.
688 3285 739 3335 Ars
757 3285 808 3347 111,
828 3286 878 3335 184

281 3350 318 3399 Ei
336 3363 454 3399 summos
473 3347 567 3399 dentes
585 3350 640 3399 ime
658 3350 762 3401 labella
779 3356 883 3417 tegant.
952 3353 1010 3402 815.
1028 3351 1147 3401 Nomina

177 3412 308 3475 juvenum
339 3419 441 3465 sonant
467 3430 530 3464 mox
555 3413 651 3466 Ylinus
677 3422 704 3466 et
731 3416 881 3483 Sclopitus,
913 3434 976 3470 mox
998 3419 1094 3469 Plinus
1117 3423 1146 3467 et

182 3479 393 3545 Sebolopythus,
411 3497 474 3532 mox
491 3481 607 3546 Plyinus
625 3486 652 3531 et
671 3482 838 3548 Solapesius.
