2509 3917
199 196 261 260 126
433 219 436 226 ‚
505 197 568 247 Lib.
584 197 629 250 lv.
654 211 680 250 v.
698 198 842 249 tes-⁷55.

156 411 165 434 s
199 350 256 410 Sed
279 367 338 410 non
362 349 483 409 invideo
505 367 592 410 suras
613 347 659 410 ibi
680 366 771 411 carue
795 346 928 419 decoras,

241 434 290 494 Sto
315 443 413 493 tamen
437 434 562 511 attingat
577 451 621 494 ue
645 433 743 511 pudor
764 431 814 493 ille
837 432 939 512 pedes.
1026 478 1032 488 ,

199 518 300 578 luiima
323 518 506 578 demonstrat
528 517 602 578 tales
625 515 678 577 tibi
701 516 771 577 tibia
796 514 882 590 talos,
929 563 933 569 .
1116 527 1164 575 tto

241 602 279 662 Ut
302 601 378 661 bene
400 603 558 678 congeries
580 619 664 661 ossea
687 601 778 660 nodet
801 617 862 661 eos.

198 685 352 746 Exornant
373 684 464 745 nitida
488 682 579 745 simili
602 685 778 763 compagine
800 700 898 753 crura,
946 724 948 727 -

242 770 279 829 Et
301 769 386 847 quasi
407 771 468 828 siut
489 785 612 828 crurum
635 768 868 847 confugiumque
890 766 1010 845 pedum.

199 852 255 913 Pes
277 851 375 914 brevis
399 861 428 913 et
449 852 560 920 niveus,
583 869 675 914 cavus
695 854 785 922 iutra,
809 851 861 913 sed
884 860 964 912 teres
986 860 1071 913 extra

241 937 354 1014 Exiguo
377 937 459 1008 ealce
482 934 576 997 calcat
598 945 629 996 et
651 954 717 997 osse
740 934 846 996 solum.
1119 943 1166 994 ⁷30
1233 923 1234 934 ’

201 1021 234 1081 lu
258 1018 384 1099 pedibus
407 1018 529 1096 pedicae
551 1036 649 1096 neque
671 1028 772 1081 rectae
794 1021 854 1079 sint
875 1036 974 1097 neque
997 1027 1096 1082 tortae

240 1103 305 1163 Non
328 1103 386 1163 boc
408 1121 469 1164 uon
491 1102 569 1163 istud
592 1106 671 1163 inter
693 1111 854 1181 utrumque
876 1107 959 1164 sitae.

198 1188 300 1248 Pollex
323 1188 435 1248 directe
458 1186 654 1264 protenditur,
677 1187 770 1248 altera
793 1189 891 1266 primo

244 1271 339 1332 Altior
361 1280 393 1331 ut
415 1271 509 1331 series
530 1287 547 1331 a
570 1272 647 1348 pede
669 1271 776 1331 deinde
800 1272 907 1332 minor.

199 1354 260 1416 Neo
275 1355 409 1433 pedicam
424 1355 528 1433 pedica
544 1357 629 1430 quasi
650 1365 765 1433 spectat
778 1354 912 1433 plantare
927 1352 1072 1433 plantam,
1120 1364 1166 1413 ⁷35

241 1440 300 1499 Sed
322 1455 376 1518 pes
399 1438 513 1498 directe
535 1455 603 1498 cum
626 1439 702 1515 pede
723 1445 821 1499 servat
841 1440 912 1499 iter.

197 1523 255 1583 Pes
278 1522 374 1582 brevis
396 1523 427 1581 iu
449 1524 534 1582 nivea
556 1520 681 1601 pulchre
704 1523 818 1584 celatur
840 1522 929 1598 aluta,

240 1606 301 1666 Neo
323 1623 415 1682 vagus
436 1607 466 1666 in
488 1603 554 1665 laxa
577 1624 631 1683 pes
652 1606 692 1666 ibi
713 1606 792 1683 pelle
814 1614 904 1667 natat.

197 1690 329 1765 Reginae
352 1707 460 1765 corpus
483 1691 507 1748 si
530 1690 597 1751 talis
619 1695 717 1767 imago
741 1698 884 1757 venustat,

240 1772 352 1833 Nescio
374 1774 440 1849 quis
462 1776 566 1848 speeie
587 1773 736 1834 nobiliore
759 1775 848 1834 cluat.
1118 1782 1166 1831 tto
1235 1811 1236 1830 r

200 1854 286 1917 Cultu
310 1856 405 1915 forma
427 1856 511 1925 uitet,
534 1856 590 1917 bac
612 1860 723 1918 femina
745 1858 814 1918 dote
836 1855 980 1935 superbit,

242 1939 314 2008 Quis
337 1937 462 2007 dubitat,
486 1939 583 2001 cultus
605 1943 655 2019 qui
679 1941 716 2002 sit
739 1942 854 2021 opimus
875 1940 922 2000 eii

198 2022 355 2084 Caudeseit
377 2021 465 2100 bysso
488 2031 554 2100 toga
578 2028 663 2085 carui
685 2029 828 2102 proxima,
852 2022 990 2086 blandam

242 2106 285 2166 Ne
307 2107 409 2166 forsan
432 2104 550 2168 laedant
570 2107 620 2168 iila
642 2115 779 2186 proterva
802 2119 911 2169 cutem.

197 2190 373 2266 Stringitur,
396 2197 430 2250 ut
451 2208 597 2251 mammae
619 2195 802 2269 constringat
825 2192 916 2252 fascia
938 2189 1048 2253 fascem
1116 2203 1165 2251 tto

240 2273 381 2334 Accendit
403 2274 526 2335 Veneris
549 2292 673 2351 surgere
696 2277 755 2335 visa
777 2276 883 2336 facem.

197 2357 328 2418 Turbida
352 2375 436 2418 mens
459 2360 582 2434 geritur,
606 2358 656 2418 ubi
680 2359 797 2437 turgida
821 2376 949 2420 mamma
970 2357 1098 2432 videtur,

239 2442 297 2503 Res
320 2461 352 2502 ea
376 2443 408 2502 fit
430 2443 512 2502 cordi
536 2444 644 2503 nuncia
665 2459 754 2520 saepe
776 2443 856 2504 mali.

197 2525 335 2604 Purpura
357 2525 407 2584 dat
429 2527 549 2587 tunicae
571 2544 631 2603 quo
654 2529 867 2587 convenienter
889 2526 987 2587 euntis

240 2609 339 2685 Longo
364 2627 417 2686 per
440 2608 553 2687 plateas
574 2622 704 2688 syrmate
727 2609 830 2670 lambit
853 2611 984 2671 humum.
1115 2621 1166 2670 750

198 2690 334 2767 Disputat
356 2692 403 2751 bic
426 2692 491 2753 lana
514 2711 580 2753 cum
605 2694 670 2753 lana
693 2696 807 2755 murice
831 2697 921 2756 tincta

239 2775 345 2835 Utrum
368 2776 407 2833 sit
429 2776 533 2836 melior
555 2776 604 2837 ille
625 2778 672 2837 rel
694 2778 744 2839 ille
767 2778 859 2839 color.

94 2841 97 2846 ’
197 2858 260 2920 Nec
283 2868 396 2919 tautum
419 2860 529 2919 renitet
550 2859 675 2937 fulgenti
697 2863 811 2922 murice
833 2864 933 2931 vestis,

239 2944 320 3001 duro
343 2942 478 3003 formatis
501 2941 595 3021 fulget
617 2948 732 3023 etipsa
755 2948 841 3005 rosis.
949 2991 951 2994 ψ

195 3025 352 3094 drmellus,
377 3035 484 3095 castor,
507 3027 744 3099 martunbever
768 3030 856 3108 atque
879 3029 1002 3090 seberus
1112 3042 1164 3090 755

263 3195 319 3248 tut.
339 3192 418 3246 Orid
436 3194 469 3242 A.
487 3195 545 3243 Am.
563 3196 615 3257 111,
634 3197 697 3245 271:

295 3261 346 3312 Pes
364 3261 455 3311 malus
472 3260 501 3311 in
520 3262 603 3312 nives
621 3277 730 3327 semper
748 3264 855 3313 celetur
871 3264 960 3316 eluta.

194 3330 252 3380 738.
276 3327 356 3380 Ovio.
375 3329 406 3381 Α.
424 3325 484 3381 Am.
503 3328 550 3390 lv,
567 3329 626 3380 516.
696 3330 754 3378 748,
778 3329 844 3383 Cod.
865 3333 995 3385 tunicam.
1066 3335 1126 3384 ⁷50.
1145 3349 1163 3383 e

194 3395 318 3458 margine
341 3408 390 3458 pro
414 3397 542 3447 surmate.
565 3409 661 3459 margo
684 3401 826 3459 praetereo
848 3399 961 3461 praebet
982 3414 1065 3462 syrm.
1089 3401 1162 3464 quod

194 3462 333 3509 teutonice
352 3461 455 3509 dicitur
474 3473 581 3511 suansz.
