2509 3917
397 222 458 274 nro.
475 222 511 275 11.
547 237 573 273 v.
591 221 734 271 aro-441.
1009 214 1052 279 53

172 368 424 428 olonnenses
441 367 572 422 ULIXES
588 365 764 422 REDEUNT
782 364 965 424 TENEDON.

87 477 195 554 Legati
215 476 345 536 redeunt
366 474 518 543 Tenedon,
542 473 670 551 regique
691 472 846 534 revolvunt

130 561 248 629 Omnia,
272 577 348 636 quae
370 558 506 619 Priamus
528 555 644 618 dixerat
666 563 753 637 atque
775 556 877 616 refert.

86 645 136 706 Nil
160 643 238 704 aliud
262 651 374 703 restare
396 641 491 720 liquet
512 642 569 701 nisi
590 641 679 701 fortia
703 639 790 710 bella,

131 729 262 789 Fortiter
284 729 315 787 iu
338 727 431 787 fortes
454 743 537 786 arma
558 741 680 786 movere
703 742 802 785 manu.

92 812 180 874 Unde
201 818 326 890 repente
348 809 458 888 gradus
480 817 526 870 est
547 808 787 889 praecipitandus
808 811 840 868 in
863 806 971 876 hostes,
1004 815 1056 863 420

134 896 209 956 Nam
232 894 299 964 sibi,
322 896 373 973 qui
395 895 492 972 parcit
513 891 659 963 hostibus,
682 892 775 953 hostis
797 893 862 953 erit.

90 981 159 1041 Huc
181 979 219 1040 de
241 978 365 1040 consilio
388 986 504 1040 maturo
525 978 662 1038 venimus
682 994 796 1046 omnes,

136 1062 232 1125 Credo
255 1061 455 1123 verecundum
477 1068 595 1121 vertere
616 1068 699 1122 retro
721 1043 856 1139 gradu'm

90 1148 160 1209 Non
182 1146 313 1207 reddunt
330 1145 485 1216 Helenam,
507 1153 679 1245 repetamus
702 1144 816 1206 viribus
838 1142 920 1204 illam

134 1231 254 1310 Optima
276 1230 424 1291 vindictae
447 1232 582 1308 proxima
604 1247 740 1310 quaeque
762 1230 834 1288 dies.
1002 1235 1054 1285 426

86 1315 165 1376 Nam
188 1333 271 1376 mora
293 1314 342 1375 dat
363 1317 452 1384 vires,
473 1312 576 1393 plures
598 1331 681 1374 mora
704 1312 819 1390 colligit
840 1312 950 1380 hostes,

124 1399 244 1478 ⁴Sisque
266 1401 297 1459 nr
319 1407 352 1460 ut
373 1396 475 1477 populi
497 1399 581 1476 copia
604 1404 720 1458 crescat
742 1398 794 1456 eis.

86 1483 135 1544 Sit
156 1483 289 1544 subitum
310 1483 501 1563 quidcunque
523 1499 625 1561 paras:
650 1498 730 1541 nunc
753 1481 875 1541 dicitur:
900 1496 970 1557 ergo

131 1567 265 1628 Festinet
285 1565 403 1644 gladius
427 1567 464 1626 ad
484 1565 614 1645 juvenile
637 1565 725 1625 latus.

203 1745 364 1801 Pumilus
382 1744 565 1801 conductu
582 1742 770 1812 QUOSQUOS
788 1743 937 1800 FORTES.

92 1884 156 1945 Nec
179 1885 315 1946 Priamus
336 1890 450 1962 pausat,
473 1901 614 1963 proceres
637 1902 704 1944 cum
728 1882 854 1945 lortibus
876 1885 958 1944 omni
1004 1891 1057 1942 tto

135 1969 203 2048 lpse
226 1967 403 2029 satellitibus
425 1988 442 2028 e
463 1970 585 2046 regione
607 1975 701 2029 vocat.

90 2053 167 2114 Inde
190 2069 295 2113 manus
316 2053 413 2132 aperit
434 2054 568 2114 irrorans
590 2058 711 2129 pectora
734 2051 821 2112 donis

137 2136 259 2196 littam
281 2136 424 2216 pollicitis
445 2154 533 2215 quam
556 2136 648 2196 trahit
669 2134 719 2196 ille
741 2134 827 2197 datis.

91 2220 196 2281 Eius
187 2237 218 2281 ιιι
241 2220 384 2281 auxilium
405 2229 548 2300 properat
569 2238 629 2280 nnn
651 2237 744 2299 pauca
765 2211 941 2298 juventus

136 2301 259 2364 Militiae
281 2302 409 2365 celebris
430 2302 560 2365 sortibus
582 2309 667 2364 aucta
690 2303 770 2363 viris.
1005 2309 1056 2360 436

91 2389 251 2449 Advenere
274 2387 363 2448 duces
384 2388 518 2458 intortas,
539 2386 690 2448 mentibus
712 2404 796 2447 acres

139 2469 205 2530 Non
228 2471 310 2530 dubii
330 2489 425 2550 prono
447 2479 569 2550 pectore
592 2470 669 2531 bella
693 2472 786 2548 sequi.
847 2516 857 2539 .

91 2554 259 2632 Sarpedon,
283 2552 424 2625 Glaucus,
446 2555 598 2624 Adrastus
620 2554 784 2622 Pandarus,
807 2553 952 2631 Amplion,

136 2634 254 2707 Peleus,
277 2637 515 2715 Amphimachus,
539 2638 681 2710 Ceramis,
703 2637 859 2718 lphitides

91 2722 167 2783 Cum
191 2722 294 2783 Pitane
317 2722 456 2800 Caropes,
477 2740 545 2783 eum
567 2723 777 2785 Residamante
799 2720 932 2784 corebus
1008 2730 1059 2781 lto

136 2805 277 2884 Ephicus,
300 2805 456 2885 Eripheus,
480 2807 634 2869 calcamus
655 2817 742 2885 atque
765 2807 865 2869 Cares.

162 3037 421 3103 *linseriptionem
438 3039 498 3091 eod
515 3039 588 3092 mele
605 3040 703 3092 hebete
722 3039 871 3092 Diomedes
887 3043 917 3090 et
931 3039 1059 3127 Priamus

14 3114 15 3135 ³
90 3105 213 3157 redeunt
229 3105 267 3156 ad
283 3104 404 3160 Ulixem

162 3174 223 3224 426.
253 3173 409 3237 emergiue
427 3189 478 3239 pro
498 3178 597 3255 opime.
632 3171 684 3226 Ov.
707 3173 784 3224 Rem.
808 3175 850 3227 96.
918 3176 977 3226 426.
1008 3174 1059 3230 Or

90 3238 169 3289 Rem.
188 3241 235 3290 83.
254 3241 326 3293 Nam
343 3255 418 3293 mora
435 3241 483 3292 dat
499 3245 585 3306 vires,
601 3247 712 3293 teneres
729 3257 805 3292 more
822 3245 966 3307 percoquit
982 3257 1059 3296 uvas.

90 3307 153 3359 427
180 3306 239 3357 cod.
257 3308 340 3372 copie
356 3308 458 3373 populi
525 3311 586 3362 438.
612 3309 719 3376 Διιιροιι
740 3309 829 3360 Dares
849 3312 974 3360 nominat
995 3309 1061 3359 Am·

90 3372 233 3438 phionem.
300 3377 360 3426 440
378 3378 489 3438 Margo:
507 3376 565 3428 Iste
583 3375 704 3428 corebus
723 3375 852 3427 ducturus
870 3375 1060 3427 eretGassan·

90 3440 171 3489 ᾱιιιιιι
196 3439 282 3491 liliam
309 3442 384 3506 regis
406 3443 509 3493 Priami
536 3449 565 3494 et
586 3445 621 3494 ol>
639 3443 712 3494 hanc
737 3459 833 3495 versus
851 3444 879 3493 iu
897 3442 1008 3498 bellum.
1025 3466 1060 3479 -

93 3506 218 3559 corebus
237 3511 265 3558 et
283 3508 379 3560 Dimas
395 3509 508 3576 Virgilii
526 3511 645 3576 sunt11‚
664 3514 721 3562 340
