2509 3917
420 130 423 135 ’
455 149 518 200 cru.
534 149 571 199 11.
606 164 632 198 v.
650 150 792 200 ear-ear.

188 302 230 364 lle
253 300 356 382 clypeo
379 299 483 363 labens
504 301 537 360 iu
559 308 628 363 cute
649 300 755 362 vulnus
776 302 845 379 agit.

144 386 258 448 Hector
280 389 312 447 in
333 384 452 465 Ajacem
476 382 600 446 collecto
622 384 731 446 robore
752 386 893 463 grandem

191 471 376 532 Transmittit
396 468 525 549 lapidem
547 476 685 530 sternere
707 471 785 530 mole
806 470 923 532 ducem.

143 557 183 616 nt
203 556 287 617 ferus
309 555 462 633 excipiens
485 553 589 633 clypeo
611 553 804 633 septemplice
826 571 928 615 sanum
1058 564 1109 616 666

187 639 326 700 Η6616616
347 641 378 699 16
401 655 510 718 corpus
531 638 644 716 grande
666 639 793 702 remittit
814 656 898 701 onus.

142 725 313 784 Accurrunt
334 725 460 801 iterum3
481 722 581 782 videas
603 724 721 800 insigne
743 720 890 793 duellum

187 807 320 870 Deusant
342 807 501 868 alterutras
522 805 718 885 percutiendo
741 807 831 867 vices.
873 848 876 855 -

146 892 294 970 Coeperat
315 892 475 969 igniferum
497 890 583 951 'litan
606 891 787 968 immergere
809 907 930 951 cursum

187 975 344 1037 Fluctibus
366 976 532 1054 aequoreis,
556 990 675 1054 noxque
697 973 799 1036 subire
822 972 937 1052 polum;
1056 983 1106 1033 636

144 1058 204 1131 Qui
227 1060 369 1122 dirimant
391 1079 407 1120 a
430 1057 522 1121 caede
543 1058 621 1119 viros
642 1059 799 1119 mittuntur
822 1061 974 1138 utrinque,

190 1143 255 1204 Non
277 1153 378 1206 tamen
399 1144 430 1204 bi
451 1141 565 1221 gladios
587 1143 707 1220 segnius
729 1143 773 1203 ire
794 1144 905 1204 sinunt.

142 1228 198 1288 Dic
220 1237 254 1288 tu
275 1246 351 1309 quas
372 1229 477 1306 patria,
500 1229 547 1287 vir
569 1236 699 1296 suenus,
722 1228 831 1308 quique
852 1233 992 1306 parentes

188 1310 269 1380 Quae
291 1321 341 1373 tua
362 1310 513 1388 nobilitas,
535 1328 611 1391 quae
634 1310 760 1372 domuel
797 1310 908 1370 Hector
929 1312 977 1371 ait.

146 1393 201 1456 Est
221 1394 373 1474 praeclara
396 1395 510 1465 domus,
531 1396 629 1474 inquit
651 1393 843 1460 Telamonius
864 1392 964 1463 beros,
1056 1404 1107 1454 616

187 1478 292 1540 1661116
314 1478 461 1550 nobilitas,
484 1481 577 1558 stirps
598 1496 742 1556 generosa
765 1477 849 1538 mihi.

146 1562 242 1625 Filius
262 1564 418 1645 llesyouae
439 1581 516 1633 sum,
539 1581 615 1643 quae
637 1562 674 1623 de
696 1564 831 1641 germine
855 1560 934 1621 venit

188 1647 417 1720 laomedontea,
440 1648 499 1709 lilia
522 1647 606 1709 cuius
627 1653 700 1708 erat.

141 1731 338 1802 absistamus,
360 1735 412 1804 ait,
434 1734 556 1810 sanguis
577 1731 744 1792 communis
766 1732 897 1809 utrique,

187 1815 254 1877 bion
276 1818 500 1894 consanguineo
521 1817 618 1893 parcit
640 1823 765 1894 uterque
788 1834 857 1884 suo;
1055 1824 1105 1873 646

140 1898 381 1980 Muneribusque
403 1900 479 1961 datis
501 1900 579 1960 nodo
600 1908 759 1960 nectuntur
781 1900 891 1959 amoris

185 1985 225 2044 Et
244 1992 323 2045 vetat
344 1983 474 2047 urendas
496 1982 606 2044 llector
627 1982 664 2044 ab
687 1984 755 2061 igue
777 1991 866 2043 rates.

139 2169 346 2179 m

211 2303 304 2367 Ensis,
321 2306 349 2352 61
367 2301 466 2366 exigno
485 2300 621 2351 cervicem
639 2298 752 2349 vulnere
771 2297 849 2351 libat.

212 2371 311 2421 Acrius
329 2370 474 2421 adversum
491 2382 586 2418 rursus
596 2367 746 2437 pensurgit
762 2366 791 2414 in
809 2364 915 2415 hostem

212 2435 376 2499 Priamides,
394 2449 443 2485 nec
457 2432 514 2496 jam
532 2435 606 2484 ferro
623 2432 774 2483 Telamone
793 2436 916 2481 creatum

214 2503 269 2553 Sed
287 2518 388 2570 magno
406 2503 468 2552 sexi
481 2500 562 2566 jactu
580 2501 667 2565 petit3
684 2502 714 2550 61
731 2497 805 2549 ierus
822 2496 895 2561 Ajax

212 2572 357 2636 Ingentem
375 2569 471 2635 clypeo
488 2567 667 2634 septemplice
684 2565 792 2631 depulit
807 2567 903 2630 ictum,

214 2637 253 2687 Et
267 2637 398 2700 J'uveuem
416 2651 483 2687 saxo
500 2650 660 2700 percussum
678 2635 778 2684 sternit
795 2632 899 2684 eodem.

213 2706 298 2768 Quem
314 2704 391 2754 levat
407 2708 550 2768 exceptum
568 2700 660 2767 Graiis
677 2701 803 2751 iuimicus
821 2700 920 2766 Apollo

212 2771 390 2836 integratque
407 2770 536 2832 animum,
550 2768 610 2833 jam
627 2783 722 2820 rursus
738 2768 775 2818 ad
793 2783 870 2819 arms
888 2769 1010 2833 coibant,

213 2837 448 2903 Stringebantque
465 2838 563 2887 iterum
580 2835 696 2902 gladios,
717 2842 768 2886 616.

143 2922 272 2975 eat-eo.
301 2923 374 2972 Toto
394 2920 457 2971 loeo
478 2920 600 2970 imitetur
617 2923 662 2970 est
677 2917 806 2971 Albertns
824 2918 972 2984 Epitomen
989 2920 1038 2971 sed
1054 2920 1106 2970 hos

141 3004 242 3040 versus
257 3004 346 3054 paene
363 2989 531 3039 verbotenus
549 2987 695 3037 desumsitr

213 3072 352 3137 Coeperat
367 3071 503 3136 igniferos
520 3072 604 3122 Titan
621 3071 781 3134 immergere
801 3085 903 3133 currus,

211 3139 328 3205 Noxque
346 3139 438 3190 subire
456 3137 561 3204 polum:
578 3136 661 3200 juxta
679 3136 831 3202 mittuntur,
849 3145 979 3206 utrosque

213 3206 269 3268 Qut
285 3206 417 3257 dirimant
433 3222 451 3257 6
468 3204 553 3256 caedo
570 3205 654 3266 viros,
671 3218 724 3253 neo
742 3206 853 3270 segnius
869 3206 913 3256 illi

215 3270 364 3339 Deponunt
381 3272 487 3323 animos
504 3277 556 3326 ete.
592 3270 663 3321 Sunt
679 3271 718 3321 ibi
735 3274 794 3327 618.
814 3276 853 3324 19.
871 3276 913 3324 10.
931 3275 973 3324 21.

142 3357 402 3423 641.co‹t.st1ips.
471 3360 528 3414 643,
546 3355 613 3411 eod.
632 3355 826 3412 Lemedonteo.
894 3358 955 3407 644.
981 3354 1106 3419 deprom-

142 3433 190 3476 tns
209 3440 242 3476 ex
259 3426 367 3492 epitom.
385 3427 444 3479 629.
