2509 3917
419 213 481 268 Lib.
499 214 545 272 Ν.
574 229 599 264 v.
616 216 762 268 tot-4³8.

100 366 145 426 Ut
170 363 274 442 vulpes
297 365 385 444 vulpe
408 367 552 445 capiatur,
575 382 647 426 raro
667 366 795 443 videtur3

149 448 223 509 Assa
246 456 346 509 tamen
372 451 465 509 viram
488 450 643 510 decoriare
665 458 771 528 potest.

104 533 257 594 Aeacidae
280 540 410 593 mentem
434 552 524 613 quum
548 539 650 595 nostra
674 534 820 614 Polyxena
843 539 957 615 tangam

150 617 262 695 lpsnm,
285 619 363 696 quod
387 619 493 697 capiat,
516 624 580 678 rete
602 616 699 698 puella
724 626 801 679 neat.
1023 631 1074 681 410

102 702 193 763 lllitte
216 703 322 772 virum,
347 705 399 778 qui
421 702 501 762 dicat
522 704 558 770 ei,
583 719 671 781 quam
695 702 809 780 diligas,
833 712 916 783 optat

153 785 288 846 Foedere
313 786 445 864 conjugii
467 803 519 846 rex
542 788 656 846 sociare
680 786 743 848 tibi.

60 900 63 904 ‡
103 869 166 930 Pes
188 877 256 930 tnus
278 870 307 928 in
331 870 432 931 lanum
456 869 637 931 conscendat
658 870 811 947 Apollinis,
834 871 872 932 ad
893 890 948 933 nos

152 950 234 1015 lllico
258 952 400 1032 compleri
424 956 451 1014 si
473 961 523 1015 tna
545 962 611 1014 vota
635 954 718 1026 nelis,
1095 1028 1097 1032 ,

105 1036 146 1097 Et
168 1039 291 1099 veniens
313 1039 413 1100 reniae
435 1041 501 1099 sine
524 1039 617 1098 multo
638 1036 732 1099 milita
755 1039 844 1108 solus.
1023 1051 1073 1101 415

151 1121 282 1182 Turbari
303 1121 390 1184 turha
412 1122 533 1184 turbine
556 1122 631 1182 lorte
653 1129 757 1200 potest.

106 1204 175 1279 Sint
198 1224 231 1266 ea
254 1204 343 1267 rerba
366 1225 441 1276 mea,
465 1224 523 1266 non
547 1206 607 1266 sint
629 1213 691 1276 tua;
716 1209 840 1269 nuntius
862 1216 960 1270 antem

155 1289 200 1351 Sit
223 1297 306 1359 tuus;
330 1302 375 1350 est
397 1290 495 1351 verbis
517 1290 656 1350 credulus
678 1289 726 1350 illo
749 1293 838 1362 meis;
1009 1302 1011 1305 ’

105 1372 235 1434 lnsidias
257 1374 367 1435 habeas
388 1373 438 1434 illo
460 1375 597 1434 veniente
619 1381 744 1451 paratas,

151 1458 238 1517 Tune
260 1458 342 1537 quasi
360 1459 405 1516 vir
427 1475 525 1535 surge.
550 1457 671 1517 brachia
694 1457 758 1517 laxa
781 1474 875 1525 move,
1022 1467 1074 1518 420

105 1540 145 1600 m
170 1549 307 1601 moveant
328 1542 410 1609 socii,
433 1559 489 1602 nec
511 1547 630 1603 cessent
652 1541 781 1608 dextera,
806 1541 902 1601 donec

52 1680 54 1689 ,
152 1624 315 1685 Multorum
337 1633 449 1685 mortes
472 1631 609 1702 mortuus
632 1626 695 1703 ipse
718 1623 787 1684 luat.

107 1708 158 1771 Sis
181 1708 257 1771 bene
279 1707 423 1769 sollicitus
444 1726 591 1788 peragens
612 1708 686 1768 liaeo
708 1709 804 1769 omnia
828 1716 924 1788 caute,

152 1792 239 1852 Solus
261 1793 369 1853 secreti
392 1793 529 1852 conscius
550 1799 614 1852 esto
638 1793 689 1854 tui.

108 1877 184 1937 Cum
208 1876 299 1937 semel
322 1877 473 1944 emissum,
496 1876 575 1937 volet
595 1875 803 1955 irrevocabile,
827 1875 966 1939 verbum:
1019 1886 1070 1937 425

151 1959 315 2028 admoneo,
339 1961 436 2020 veniat
457 1978 495 2019 ne
518 1962 584 2036 quis
606 1961 642 2020 ad
667 1961 721 2021 ista
744 1960 861 2038 loquax.

104 2042 205 2121 Hujus
225 2042 392 2105 Alexander
414 2041 503 2103 veluti
526 2045 702 2104 temerarius
723 2061 827 2104 ausnrn

152 2128 300 2206 Propositi
322 2127 460 2206 spondet,
482 2130 606 2204 sponsio
627 2136 712 2187 cauta
735 2127 813 2187 latet.

254 2247 432 2359 [umarus
449 2289 633 2343 Minnione
650 2288 702 2342 sn
720 2287 925 2357 somnum]

105 2394 239 2456 Nuntius
261 2395 375 2454 interea
398 2392 476 2454 radit
501 2392 633 2454 dicturus
656 2390 777 2453 Achilli:

148 2476 272 2538 Hecuba
295 2496 343 2537 me
366 2479 447 2538 misit
469 2476 568 2536 dicere
590 2494 683 2554 pauca
706 2474 777 2543 tibi;

102 2561 183 2622 Filia
207 2569 308 2622 nostra
327 2559 382 2622 tibi
404 2560 509 2621 dilecta
523 2559 688 2640 Polyxena,
712 2558 787 2628 diro,

150 2644 204 2713 Te,
227 2645 307 2706 velut
330 2643 463 2723 optabas,
487 2646 679 2723 impatienter
702 2651 790 2703 amat.

102 2730 136 2790 Si
162 2736 192 2788 ta
216 2728 342 2804 delectat
364 2728 489 2789 Veneris
511 2727 674 2807 decerpere
696 2726 796 2802 flores,

147 2810 222 2890 Ejus
243 2812 273 2872 in
297 2811 436 2891 amplexu
458 2815 498 2872 sit
520 2828 602 2879 mora
626 2809 716 2881 nulla,
740 2811 817 2871 veni.

99 2897 141 2957 in
166 2913 205 2955 ne
227 2898 376 2974 propositi
398 2895 552 2973 frangatur
575 2894 672 2954 iabnla
696 2897 801 2963 nostrl,
1021 2903 1071 2953 435

147 2978 280 3041 Consilio
303 2981 419 3040 comitis
441 2980 629 3039 incomitatus
652 2978 732 3039 ades.

98 3065 134 3125 ln
162 3065 232 3123 sano
255 3064 391 3123 Priamus
413 3071 563 3139 exspectat
584 3060 737 3141 Apollinis
761 3063 862 3132 intres

146 3147 191 3208 De
214 3146 396 3228 sponsalitiis
418 3146 497 3208 illico
519 3145 711 3207 certus'eris.

172 3348 233 3397 410.
251 3347 359 3411 Margo.
377 3349 483 3411 spinne.
552 3348 610 3396 425.
639 3345 750 3394 Horatii
767 3348 810 3395 ost
827 3345 909 3410 epist.
925 3344 948 3405 1,
968 3344 1009 3407 18,
1028 3346 1072 3399 71.

93 3417 161 3467 433.
182 3409 234 3462 Ov.
254 3413 330 3462 Rem.
353 3417 401 3464 103
647 3426 652 3431 ·

173 3479 237 3542 Sed,
259 3482 325 3545 quia
343 3480 465 3529 delectat
482 3481 595 3529 Veneris
615 3480 763 3542 decerpere
781 3478 867 3527 flores.

833 3557 870 3609 8*
