2509 3917
213 143 276 208 174
517 144 579 196 nrt.
598 144 647 195 v1.
685 159 709 196 v.
728 143 873 198 ase-aso.

257 294 379 357 Fallitur
402 297 526 374 augurio
549 313 618 374 spes
640 294 718 356 bona
740 312 830 373 saepe
853 294 941 362 bono.

212 380 344 459 Pyrrhus
366 380 402 440 ad
425 380 492 451 boc,
516 382 585 461 quia
602 379 755 459 displicuit
777 379 922 442 dissuasio
943 379 1066 459 Pyrrho,

254 463 329 543 Regi
351 466 449 526 ricino
471 464 568 527 stabat
590 473 620 525 et
641 466 705 543 ipse
727 465 808 526 loco:

165 589 170 602 .
211 548 356 609 Providus
378 556 424 609 est
445 549 564 623 Nestor,
587 557 631 608 est
653 550 890 628 circumspectus
911 547 1026 614 Ulixes:
1125 559 1175 607 225

256 632 387 694 discrete
411 633 549 694 dubitant
570 642 600 692 et
621 632 785 693 dubitando
808 634 922 694 timent.

215 716 291 787 uuio
314 725 430 778 tentare
452 725 549 785 nocet,
572 725 675 778 votum
696 714 782 778 labor
804 716 960 795 improbus
981 715 1086 795 impiet
1228 657 1232 804 Ι

254 804 369 879 drsque
392 802 459 879 vigil
482 818 604 878 magnas
626 818 717 880 saepe
739 801 889 862 ministrat
910 818 991 878 opes,

212 884 274 947 Nec
297 901 380 946 mare
402 887 568 956 transisset,
592 884 717 965 pavidus
739 888 763 945 si
788 894 877 946 nauta
900 886 1020 956 luisset;

255 969 384 1047 Turgida
408 987 477 1031 eum
499 972 628 1049 primum
651 971 761 1030 restitit
782 970 861 1031 unda
884 971 950 1031 rati.
1132 978 1178 1028 tat

213 1053 237 1115 0
260 1055 326 1115 rex!
349 1056 499 1117 interdum
523 1053 609 1115 labor
631 1054 709 1115 altus
731 1054 851 1131 expedit
873 1061 966 1124 actus,

256 1137 382 1199 Maxima
405 1140 548 1215 segnities
571 1138 727 1200 commoda
750 1138 826 1199 tollit
847 1140 939 1198 iners.

212 1220 482 1303 Quantumcunque
504 1233 598 1303 potes.
621 1223 712 1284 facito
734 1239 896 1301 properare
918 1221 1062 1293 laborem,

254 1304 317 1367 Nec
338 1324 422 1367 mora
443 1310 545 1384 segnis
566 1325 642 1387 opus
664 1306 782 1367 differat
803 1305 862 1366 ulla
884 1312 978 1366 tuum.

213 1388 344 1470 Tempus
366 1390 403 1451 ad
427 1390 485 1451 hoc
507 1391 658 1469 fortesque
681 1392 760 1452 viros
782 1390 916 1470 fidosque
938 1390 1064 1458 notabis,
1130 1399 1176 1448 235

255 1474 336 1546 Quos
359 1475 456 1536 credis
480 1482 567 1544 tutos,
592 1474 699 1552 effuge,
722 1480 802 1534 tutus
824 1477 894 1534 eris.

213 1557 285 1629 Quis
309 1559 386 1619 bona
408 1561 451 1620 sic
474 1561 532 1619 nisi
555 1561 665 1620 mentis
687 1561 774 1638 inops
798 1557 896 1620 oblata
918 1559 1047 1619 refutet?

255 1642 373 1722 Resque
396 1642 580 1722 laboriperas
602 1642 716 1722 absque
737 1641 840 1703 labore
863 1641 965 1703 datas?

212 1725 299 1787 Plebs
321 1725 430 1805 probat
451 1727 519 1802 boc,
541 1729 699 1806 firmatque
720 1727 809 1788 fldem
832 1725 990 1806 laudatque
1013 1726 1158 1796 laborem,

255 1809 380 1888 ipsaque
403 1810 484 1872 clara
506 1810 614 1873 ducum
637 1813 742 1872 concio
763 1810 890 1889 spondet
912 1829 1011 1891 opern.
1131 1819 1177 1869 tto

211 1894 286 1971 Regi
307 1892 482 1974 Polydamas
503 1898 620 1972 signum
645 1895 783 1965 diffamat,
807 1905 841 1956 ut
862 1894 904 1955 illi

254 1977 371 2048 Norint,
394 1997 453 2059 quo
478 1980 596 2040 veniant
617 1986 764 2058 tempore,
786 1997 905 2059 quoque
928 1980 1003 2043 loco.

212 2062 394 2124 Promittunt
415 2082 558 2143 proceres
580 2070 610 2123 et
629 2064 731 2142 jurant
753 2063 957 2142 Polydamanti

256 2146 349 2208 immo
371 2155 479 2209 vovent
500 2146 636 2208 stabilem
659 2150 740 2225 regis
762 2148 799 2207 ab
822 2166 875 2209 ore
897 2148 1000 2208 fidem:

212 2230 283 2310 Ejus
306 2230 384 2308 quod
407 2229 508 2301 rebus,
533 2231 610 2312 quod
635 2232 746 2302 amicis,
770 2231 911 2311 quodque
932 2231 1112 2311 propinquis
1132 2238 1175 2288 att

256 2314 340 2386 Quod
363 2315 420 2377 sibi
442 2323 579 2376 servetur
601 2317 777 2377 intemerata
799 2315 890 2382 tides;

212 2402 341 2461 Aeneam
364 2398 475 2470 nuilus,
497 2401 647 2461 Antenora
670 2417 770 2469 nemo,
793 2399 903 2460 llolona

256 2483 349 2545 Nemo
371 2485 510 2561 contigat,
535 2501 622 2544 nemo
645 2501 756 2544 nocere
777 2482 862 2552 velit;

213 2565 374 2629 Incolumis
396 2576 514 2629 maneat
535 2567 633 2629 Iolaus
656 2575 686 2627 et
708 2569 804 2630 omnis
826 2570 857 2629 in
881 2570 936 2628 isto

257 2649 329 2711 Fida
352 2660 451 2714 mente
472 2650 576 2713 volens
597 2653 736 2713 conscius
759 2651 922 2746 esseeloro.
1132 2658 1178 2708 tot

280 2868 339 2917 222.
359 2866 440 2920 ortu.
457 2868 572 2919 Heroid.
590 2869 677 2930 XVII,
695 2872 746 2922 234

386 2935 508 2986 Fallitur
525 2937 642 3001 augurio
659 2952 723 3002 spen
742 2939 816 2989 bone
834 2951 914 3002 saepe
932 2950 991 2989 auo.

182 2997 188 3008 ’
212 3001 271 3117 ἓξ.
285 3000 429 3120 lordum.
448 3004 471 3066 Ι,
490 3005 547 3054 397.
567 3003 632 3067 quid
651 3009 761 3055 tentare
780 3005 902 3054 nocebit.
953 3003 1012 3054 228.
1033 3003 1086 3059 Ov.
1098 3004 1174 3055 Pont.

257 3104 264 3133 ‚
301 3072 341 3131 ‚1

375 3135 435 3187 Has
452 3137 575 3188 Fortuna
591 3138 645 3188 tibi
663 3143 757 3189 nostra
774 3139 912 3189 ministrat
930 3152 1004 3202 opes.

212 3204 273 3254 229.
292 3205 333 3254 30.
351 3202 488 3268 Pamphil.
507 3203 558 3266 ΙΙΙ,
576 3207 600 3258 9.
621 3208 661 3255 10.
732 3208 790 3258 237.
809 3204 901 3256 Gnalt.
920 3205 1000 3255 Alex.
1019 3204 1066 3263 tv,
1085 3207 1132 3257 571

315 3271 383 3332 Quis
402 3271 457 3320 nisi
473 3272 573 3320 montis
590 3273 672 3336 inops
690 3271 815 3323 oblatum
832 3276 945 3338 respuat
962 3273 1078 3323 aurum?

213 3338 272 3387 238.
292 3336 376 3388 schol.
394 3336 517 3387 laborem
534 3342 673 3400 parantes.
742 3341 800 3393 241.
818 3338 877 3390 cod.
895 3339 954 3390 illo.
