2509 3917
166 173 210 237 44
476 172 538 227 aaa.
558 173 595 226 11.
631 188 659 223 v.
677 171 821 223 tul-rto.

169 327 202 387 ln
224 326 324 403 galeas
346 324 438 387 ialces
458 322 597 404 redeunt,
619 325 651 384 ln
673 320 733 400 pila
756 321 871 399 ligones

214 410 350 472 Loricam
374 415 482 470 textam
505 425 627 469 vomere
649 407 727 469 ridet
748 424 830 484 ager.

475 587 654 644 numus
669 585 825 645 navium

168 714 235 794 lpse
256 711 424 774 lllscuaeus
445 729 622 791 magnorum
645 710 752 772 ductor
773 708 918 772 Achivum

212 796 337 857 Centum
360 799 539 876 praecipuas
562 796 709 874 praecipit
730 796 777 855 ire
797 801 888 855 rates.

170 882 208 942 Se
232 887 330 941 movet
351 899 367 941 e
390 880 496 959 Sparta
519 880 681 948 Menelaus,
703 895 827 939 currere
850 894 938 939 nares
1092 889 1137 937 166

216 965 374 1042 Sexaginta
395 962 480 1042 jubet
502 964 609 1025 damna
633 961 778 1043 probrosa
799 979 931 1038 gemeus.

168 1047 315 1109 Peneleus
337 1051 488 1128 princeps,
511 1066 601 1127 quern
624 1054 765 1125 promptu
787 1044 888 1106 Boetia
911 1045 1012 1114 mittit,

211 1131 434 1211 Quinquaginta
457 1139 547 1203 rates,
570 1139 604 1192 ut
624 1130 819 1199 fabricentur,
842 1131 916 1208 aglt;

170 1216 300 1286 Tertius,
323 1225 413 1295 atque
435 1217 538 1277 himas
560 1215 728 1276 Prothenor
750 1222 781 1274 et
801 1211 970 1275 Arcesilaus

211 1300 342 1379 Expansi
363 1302 439 1359 socii
461 1308 588 1379 suntque
610 1298 723 1359 laboris
746 1299 783 1358 ei.

170 1383 214 1444 Ex
236 1383 426 1446 Orchomeno
448 1393 591 1464 properat
612 1384 795 1462 trigintaque
817 1399 907 1442 naves

215 1470 369 1530 lalmenus
391 1468 520 1538 adducit,
544 1469 593 1529 cui
615 1484 717 1528 comes
737 1465 928 1543 Ascalaphus.

170 1554 336 1632 Aschepius
358 1554 444 1614 sortis
467 1559 497 1612 et
518 1550 719 1632 Epistrophus
740 1564 777 1611 er
799 1549 941 1611 Potrxeno
1037 1608 1041 1615 ,

212 1637 361 1698 Fecerunt
383 1636 483 1698 decies
504 1647 633 1716 quatuor
654 1637 699 1696 ire
719 1643 809 1695 rates.

172 1718 242 1797 ajax
266 1723 380 1779 interea
402 1720 593 1781 Telamonius
616 1737 653 1780 ex
675 1717 824 1780 Salamina

216 1803 289 1864 tum
311 1802 430 1863 Teucro
453 1805 547 1864 fratre
570 1807 688 1881 navigat
709 1813 739 1865 et
762 1802 861 1863 Dorio.

178 1885 322 1955 Theseus,
346 1886 579 1965 Amphimachus
601 1891 762 1967 sociusque
784 1885 950 1966 Polyxenus
972 1884 1026 1957 illi,

219 1970 421 2047 Quadraginta
444 1981 524 2033 rates
546 1973 598 2035 hic
619 1989 780 2033 numerare
801 1981 907 2050 potest.

173 2055 238 2116 Non
262 2055 420 2116 credemus
442 2058 471 2117 iu
494 2057 552 2117 hoc
575 2059 689 2117 venisse
711 2055 860 2134 juramine
885 2054 997 2117 Ulixem

216 2138 311 2198 lmmo
335 2149 441 2217 quater
462 2160 551 2201 nares
573 2149 694 2202 vexerat
715 2139 765 2201 ille
788 2139 902 2201 decem.
1094 2151 1145 2199 170

173 2222 274 2298 Deque
296 2222 367 2301 Pylo
390 2224 498 2285 Nestor
519 2225 611 2287 trahit
633 2227 785 2303 octoginta
806 2227 933 2293 carinas,

214 2306 270 2368 Dat
291 2308 384 2369 semel
406 2309 576 2372 detholicus
598 2317 629 2370 et
649 2317 754 2388 quater
777 2315 843 2369 octo
865 2307 963 2368 Thoas

172 2390 208 2452 lu
230 2410 312 2452 mare
334 2401 382 2453 ter
404 2394 497 2456 denas
518 2393 662 2457 laetanter
684 2392 787 2454 Oileus
807 2395 880 2455 Aiax

214 2475 393 2558 Praecipitat
415 2498 540 2560 puppes,
563 2496 631 2540 oum
654 2478 760 2555 quihus
782 2485 851 2538 octo
871 2476 960 2537 loces.

171 2626 376 2641 ..Ἢ

240 2712 299 2765 161.
317 2713 359 2763 ⁶2.
377 2711 456 2766 Orid.
474 2714 551 2765 Fast.
567 2715 589 2775 1,
607 2712 711 2780 ealles.

528 2807 561 2817 -
578 2807 612 2817 —
629 2807 664 2818 -
682 2785 744 2833 erat
763 2781 854 2846 aptior
870 2780 945 2830 ensis

307 2845 439 2896 Vomerea
457 2847 576 2900 cedebat
593 2853 690 2901 taurus
709 2851 802 2898 arator
821 2861 901 2911 equo.

274 2912 391 2964 Sarcnla
408 2916 572 2966 cessabant:
589 2917 718 2981 versique
736 2915 765 2965 in
783 2915 842 2979 pila
859 2914 968 2978 ligones

307 2981 452 3047 Factaque
471 2981 505 3032 de
523 2985 607 3034 rastri
624 2982 747 3050 pondere
765 2982 854 3032 cassis
872 2986 942 3036 erat.

172 3046 230 3097 163.
251 3046 350 3112 Virgil.
369 3049 438 3101 Aen.
456 3048 504 3114 XI,
523 3052 583 3102 266.
652 3052 708 3102 167.
730 3050 798 3101 Pon.
822 3063 878 3100 uon
901 3047 975 3113 apud
991 3048 1143 3109 Daretem3

171 3112 222 3162 aad
240 3114 323 3178 apud.
335 3116 434 3181 Virgil.
446 3119 517 3172 Aen.
530 3118 568 3177 11,
585 3118 645 3173 466.
683 3119 742 3168 160.
753 3116 820 3170 God.
833 3130 965 3182 expense.
1001 3118 1060 3172 161.
1072 3116 1146 3168 Cod.

171 3177 349 3234 corcomeno.
411 3184 673 3248 162.Acha1aphus,
690 3199 742 3234 nos
755 3199 770 3235 e
782 3185 890 3236 Dareta
902 3183 974 3247 Aac,
991 3185 1039 3248 qui
1057 3185 1145 3235 etiam

171 3262 221 3311 pro
241 3248 390 3300 Tbelamus
402 3251 491 3302 nostri
507 3252 593 3303 habet
607 3252 756 3302 Jalmenns
774 3255 944 3317 quapropter
960 3252 1143 3302 mutavimus:

170 3315 292 3367 Adducit
313 3316 463 3369 Thalamus
490 3320 520 3370 in
541 3319 687 3370 Jalmcnus
708 3319 827 3373 adducit.
897 3320 955 3370 163.
979 3319 1072 3369 Dares
1095 3335 1146 3370 no·

171 3383 271 3502 miqreqt:
301 3386 497 3452 Epistrophum
520 3391 550 3437 et
566 3385 712 3438 schedium
737 3402 771 3437 ex
793 3387 925 3438 Phocide.
997 3387 1054 3437 166.
1074 3386 1144 3437 Ood.

171 3464 206 3513 po
249 3485 257 3502 .
