2509 3917
430 187 492 272 bib.
510 189 534 238 1.
569 188 752 240 Prooemium.

102 340 144 402 Se
167 341 279 402 sulsera
302 341 421 416 misere,
444 343 556 401 misero
578 342 750 403 stimulante
772 342 884 404 lirrore.

101 428 162 489 Per
185 427 311 488 miseros
333 427 425 505 igitur
450 424 552 503 elegos
573 426 632 487 boc
654 426 766 488 ducere
789 445 909 489 carmen

100 512 229 573 Decrevi
251 513 404 581 miserum,
428 516 541 572 sortem
563 512 723 573 miseratus
746 530 850 573 eorum

101 598 146 659 Ue
169 597 279 676 quibus
301 595 349 655 bic
372 593 489 672 legitur,
512 597 614 656 miseri
638 599 689 675 qui
712 606 808 658 castra
831 606 1004 678 sequnntur.
1040 610 1074 659 30

101 682 166 743 Hac
187 690 291 743 noster
314 682 430 742 ratione
453 679 538 741 stilus
560 699 621 741 non
644 681 748 742 debuit
769 683 842 742 istas

102 764 244 827 Scribere
267 783 323 825 nec
346 764 452 825 debuit
473 765 599 826 heroum
621 767 755 826 carmine
777 774 897 837 mortes,

103 849 162 911 Sed
186 851 321 928 numeris
343 848 400 910 sub
423 849 594 927 disparibus
616 849 665 909 lex
687 852 810 912 metrica
833 850 929 922 saltat,

100 935 278 1014 Tamquam,
302 935 480 996 demiseris
504 934 575 996 baec
598 941 643 994 est
664 936 805 1004 narratio,
829 935 918 998 dicat.

101 1016 241 1165 &Troilus
264 1024 309 1079 est
330 1015 450 1078 Troilus
472 1017 601 1078 Troiano
622 1021 762 1099 principe
784 1027 870 1082 natus
1038 1031 1071 1079 35

130 1111 141 1164 t
161 1103 241 1164 liber
264 1109 309 1163 est
329 1101 449 1163 Troilus
472 1102 509 1162 ob
531 1102 639 1165 Troica
662 1102 738 1165 bella
761 1102 908 1185 vocatus]

283 1247 371 1314 QUID
390 1249 603 1304 CONTINUAT
620 1250 758 1306 PRIMUS
776 1251 894 1307 LIBER.

189 1355 306 1417 Primus
333 1354 412 1416 liber
439 1357 573 1416 conlibet
599 1354 700 1418 Peliae
728 1365 830 1420 contra
856 1360 996 1421 Jasonem
1024 1364 1071 1421 in·

101 1441 227 1510 vidiam,
251 1439 369 1501 Jasonis
389 1458 445 1519 pro
467 1439 576 1502 vellere
600 1443 832 1520 navigationem,
860 1443 1072 1505 Laomedontis

101 1543 225 1594 necem,
255 1525 401 1586 Hesionae
423 1524 631 1586 deductlonem
654 1535 683 1587 et
705 1527 836 1587 eiusdem
859 1527 897 1588 ab
919 1532 1071 1589 Antenore

101 1611 330 1689 repetitionem,
359 1608 468 1670 Troiae
495 1611 709 1679 munitionem,
739 1610 897 1673 Alexandri
924 1613 955 1672 iu
980 1613 1071 1675 Grae·

13 1717 15 1728 ¹
102 1696 179 1756 ciam
202 1695 435 1774 profectionem,
463 1691 594 1755 Helenae
615 1696 647 1755 in
669 1694 828 1774 Phrygiam
851 1695 1070 1765 adductionem,

101 1780 250 1840 vindicem
285 1795 301 1838 a
329 1779 450 1840 Graecis
483 1779 748 1853 machinationem,
777 1781 1009 1858 Agamemnonis
1040 1786 1070 1843 in

101 1882 205 1943 regem
230 1863 431 1924 elevationem.
496 1913 500 1920 .

444 2065 557 2128 LIBER
578 2067 728 2128 PRIMUS.

374 2230 553 2286 CAPITULA
569 2231 669 2286 Ltssnl
685 2231 799 2285 PRlde.

102 2352 223 2414 Primus
246 2353 284 2413 ob
307 2354 446 2415 invidiam
469 2353 569 2415 Peliae
592 2373 660 2415 cum
684 2373 758 2415 nave
780 2364 903 2417 venusta

104 2435 236 2510 Cholcon
260 2440 397 2499 inaurato
419 2457 474 2518 pro
497 2437 605 2498 vellere
628 2439 738 2499 Jasone
760 2447 866 2517 portat,

102 2520 283 2591 Laomedon,
307 2540 411 2584 navem
436 2524 486 2601 qui
509 2523 625 2585 tasonis
648 2531 716 2585 ante
738 2522 865 2601 fugarat,

76 2603 80 2608 ’
102 2604 242 2666 Herculis
265 2624 336 2667 ense
359 2607 447 2677 cadit,
471 2607 578 2668 Troiae
601 2609 727 2669 munitio
749 2612 855 2686 surgit,

14 2851 15 2860 ,
170 2810 212 2858 30.
231 2807 323 2859 Perta.
338 2809 447 2863 misere.
500 2810 541 2859 35.
560 2810 601 2863 26.
619 2809 679 2859 Hos
698 2808 766 2860 duos
778 2810 856 2861 nucis
869 2809 990 2862 inclusos
1009 2827 1070 2863 ver-

14 2909 16 2924 ,
102 2889 150 2925 sus
166 2875 304 2941 Heusing.
325 2891 380 2925 non
398 2880 481 2941 putot
498 2876 532 2927 eb
550 2876 664 2928 Alberto
683 2876 825 2942 profectos
844 2892 916 2928 esse:
945 2879 1007 2943 „Ut
1029 2879 1071 2929 ite

102 2956 248 3008 censeam,
276 2942 359 3007 dicit,
388 2958 443 2994 non
470 2959 502 2994 eo
522 2943 609 2995 solum
631 2944 755 2994 adducor
772 2945 844 3008 quod
863 2943 970 2996 Alberti
988 2961 1069 3008 vena,

101 3012 230 3075 quamvis
250 3015 277 3060 et
295 3011 358 3075 ipsa
376 3009 516 3061 lutulenta
533 3013 612 3074 fluat,
633 3017 725 3062 tamen
743 3026 775 3061 eu
793 3016 857 3061 sunt
874 3012 996 3076 indigni,
1020 3014 1069 3064 sed

38 3083 43 3088 ’
100 3078 188 3127 etiem
217 3078 290 3143 quod
317 3078 402 3130 iidem
420 3094 516 3130 versus
543 3081 575 3129 in
600 3079 654 3129 line
678 3079 782 3129 codicis
805 3084 980 3145 repetuntur,
1007 3085 1035 3130 et
1052 3096 1070 3131 e

101 3145 296 3211 grammatico,
317 3146 363 3210 qui
380 3147 410 3195 iu
429 3161 544 3199 necessu
563 3148 598 3196 ud
616 3147 741 3197 Troilum
764 3143 829 3198 libri
853 3147 963 3198 titulum
981 3147 1070 3213 expli·

101 3212 184 3275 cavit,
203 3211 282 3263 nullo
300 3228 394 3264 eorum
412 3214 484 3264 ratio
504 3219 547 3264 est
564 3215 672 3266 habita.
705 3215 729 3264 Ε
749 3214 847 3279 quibus
866 3215 991 3267 omnibus
1008 3230 1070 3281 pro·

99 3294 166 3328 num
185 3285 228 3330 est
247 3282 394 3346 suspicari,
413 3281 567 3332 versiculos
584 3283 654 3332 istos
673 3283 707 3332 ab
726 3281 781 3332 alio
795 3283 912 3347 quodam
925 3282 1070 3333 confectos

99 3345 268 3412 Albertoque
288 3363 350 3400 esse
369 3348 554 3415 suppositos.“
590 3349 706 3400 Alberto
729 3350 875 3401 tribuImus
897 3350 947 3400 bos
964 3363 1067 3412 versus,

101 3414 148 3531 gui
165 3429 250 3480 saepe
269 3420 297 3467 et
315 3415 435 3467 libenter
453 3416 557 3482 gaudet
575 3416 780 3482 logodaedolia,
799 3417 877 3468 utin
895 3416 1068 3482 praefatione

120 3482 252 3538 ocuimus.
321 3486 346 3538 2.
366 3483 435 3536 Mso.
455 3484 615 3536 Chonehon.
686 3488 711 3535 3.
729 3485 796 3535 Mso.
817 3485 941 3549 fugarat.
