2509 3917
175 164 219 228 42
497 166 559 219 tib.
578 164 614 214 11.
650 181 676 216 v.
695 167 822 216 aa-rra.

218 318 256 379 ut
277 319 335 396 pia,
359 318 383 378 si
405 315 492 394 longa
515 317 578 378 vult
600 317 731 377 tacuisse
754 336 847 378 mora.

177 404 280 465 dudan
302 403 332 461 in
355 400 442 462 bellis
464 404 631 462 acerrimus
652 411 699 461 est
721 401 889 472 Diomedes,

220 486 367 547 Strenuus
389 495 420 547 et
440 486 527 546 tortis
548 482 645 546 vultus
667 484 812 546 honestus
833 490 872 546 ci.

176 575 321 633 tusrerus
343 568 490 630 clamosus
512 577 577 630 erat
598 568 756 649 calidoque
778 570 915 640 cerebro,
1116 579 1156 627 95

222 654 355 733 Corpore
379 654 541 731 quadratus
562 654 779 733 impatiensque
801 655 883 715 satis.

177 738 394 817 Triptolemum
416 738 534 808 noscis;
557 753 682 812 magnus
704 737 760 798 luit
781 745 871 817 atque
893 739 984 799 virilis

221 822 339 901 Optima
364 821 458 882 lorma
480 820 538 881 sibi
559 820 613 881 sed
636 821 822 882 stomachosa
844 824 979 902 quidem;

175 906 310 979 Blaesus,
333 905 466 967 aduncus
487 912 552 966 erat
572 904 657 967 velox
680 905 836 982 oculisque
857 907 1002 976 rotundis,

219 988 273 1050 Cui
295 989 385 1050 iacies
407 988 522 1067 hilaris,
545 989 627 1066 larga
650 988 829 1068 superciliis.
1096 1000 1153 1048 100

176 1073 325 1136 Candidus
348 1083 377 1133 et
398 1090 533 1149 magnus,
556 1091 629 1134 naso
652 1090 771 1153 quoque
793 1073 900 1135 Nestor
921 1073 1057 1136 obuncus

219 1157 346 1236 llapsilis
368 1165 399 1217 et
420 1158 548 1236 sapiens,
571 1155 758 1218 consiliando
780 1176 879 1235 sagax.

176 1240 300 1302 Mittitur
321 1239 423 1302 iliacas
444 1241 539 1302 audax
562 1249 663 1301 orator
685 1240 721 1302 ad
745 1260 840 1313 arces,

219 1325 344 1387 Nestora
367 1323 489 1386 laudare
512 1342 580 1385 cum
604 1325 749 1386 Cicerone
771 1335 866 1405 potes.

176 1410 325 1471 Candidus
347 1416 377 1472 et
399 1410 575 1471 temerarius
597 1427 639 1478 es,
663 1407 718 1469 tibi
739 1411 838 1472 vultus
859 1410 1012 1479 honestus,
1095 1420 1150 1469 105
1252 1441 1253 1494 p

218 1494 327 1555 Fidens
349 1497 380 1554 in
402 1493 516 1555 celeres
537 1492 720 1554 Protesialae
741 1494 846 1573 pedes!

176 1578 395 1655 Magnanimum
417 1578 558 1655 gracilem
580 1578 744 1656 sapientem
767 1579 814 1638 dic
836 1577 1035 1656 Palamedem,

218 1662 357 1732 Blandus,
379 1663 536 1730 facundus,
559 1660 733 1722 ambitiosus
755 1672 831 1723 erat.

174 1748 212 1808 At
234 1763 352 1808 crassus
373 1744 538 1823 Polydorus
560 1755 625 1806 erat
645 1744 838 1808 Neoclecicus
860 1747 956 1807 audax

218 1829 332 1899 Tristis,
356 1829 536 1907 pervalidus,
559 1836 659 1889 mente
681 1833 806 1891 timente
828 1839 940 1893 tacens,
1094 1842 1150 1890 110

175 1913 313 1987 Magnum
335 1912 514 1992 prudentem
537 1912 700 1992 dicuntque
721 1915 882 1976 Machaona
904 1917 1023 1983 fortem,

217 1998 272 2057 Hic
294 1996 382 2057 simul
405 2006 435 2056 ct
457 1998 572 2074 patiens
594 1999 838 2079 compatiensque
862 2000 924 2060 init.

175 2081 338 2142 Merionem
362 2081 461 2141 ruium
484 2099 578 2160 ponas
599 2081 652 2141 sed
675 2091 705 2141 et
726 2082 930 2161 impatientem

218 2164 262 2232 ut,
286 2167 355 2241 quia
377 2167 416 2224 sit
437 2164 562 2243 medius,
586 2182 723 2243 corpore,
748 2175 848 2228 mente
870 2176 969 2228 tenax.

174 2247 279 2310 Dicere
302 2267 370 2310 cum
393 2249 471 2309 volui
492 2267 578 2329 quam
601 2252 738 2328 pertinax
762 2258 850 2326 esset,
873 2253 946 2313 oriri
1093 2263 1146 2310 115

216 2334 263 2409 Me
285 2344 388 2395 contra
412 2337 512 2413 coepit
533 2336 669 2412 protinus
692 2336 737 2394 ira
760 2337 856 2396 rnetri.

175 2419 222 2479 Me
245 2419 321 2478 duce
343 2421 395 2498 qui
417 2421 515 2487 toties,
539 2420 645 2497 inquit,
669 2436 735 2478 mea
757 2421 843 2496 signa
866 2419 968 2490 tulisti,
1046 2442 1048 2446 ’

216 2502 289 2573 Quis
311 2502 400 2563 rnodo
423 2504 572 2581 persuasit
593 2502 641 2563 illa
664 2518 777 2580 negare
799 2503 865 2563 tibi.

173 2586 278 2648 Exitus
300 2595 363 2646 acta
387 2586 508 2665 probat;
530 2586 604 2654 finis,
628 2604 689 2646 non
712 2603 810 2663 pugna
833 2597 965 2657 coronat,

215 2670 384 2730 Laudamus
406 2669 524 2729 tandem
547 2668 611 2730 sole
633 2671 758 2731 cadente
781 2671 870 2732 diem.
1089 2682 1143 2730 120

173 2754 280 2816 Nostra
302 2752 498 2831 probabiliter
520 2752 580 2813 lruc
603 2771 698 2831 usque
721 2762 841 2816 secutus
863 2774 896 2816 es
917 2774 1009 2825 arma,

216 2838 302 2897 Nunc
323 2838 408 2914 quasi
430 2836 573 2897 delicians
593 2838 643 2897 ilia
667 2839 752 2899 drrcis
775 2843 867 2900 iners.

173 3003 373 3015 -n—h--n—-e

213 3167 219 3178 ·
240 3108 281 3158 97.
304 3121 353 3170 pro
370 3105 549 3173 Triptolemo,
571 3109 662 3159 Dares
679 3106 796 3171 praebet
813 3105 1033 3172 Neoptolemum.
1069 3107 1141 3162 Cod.
1252 3127 1253 3188 p

172 3172 379 3237 Triptolomum.
449 3176 491 3224 99.
515 3189 549 3224 ex
570 3174 695 3239 margine
719 3174 841 3224 aduncus
864 3174 938 3239 quod
961 3174 1047 3225 etium
1065 3174 1142 3239 apud
1252 3195 1253 3236 p

142 3269 144 3273 ·
171 3241 311 3302 Dareum,
330 3256 380 3306 pro
398 3241 522 3292 udulcus.
575 3244 632 3292 101.
650 3256 720 3291 nuso
732 3256 782 3306 pro
793 3256 891 3291 nasum
904 3242 963 3293 cod.
1015 3243 1074 3295 105.
1091 3240 1142 3291 Al·
1252 3245 1253 3286 1

170 3306 275 3358 luditur
304 3307 431 3359 ciceron.
460 3308 507 3357 lib.
534 3308 568 3358 de
596 3323 654 3358 sen.
682 3324 744 3373 cap.
771 3310 812 3359 10.
886 3311 944 3363 109.
974 3308 1143 3373 Polydorus,
1252 3327 1253 3360 t

171 3375 260 3426 Dares
289 3376 390 3426 habet:
425 3375 594 3426 Podalirium
624 3391 759 3437 crassum,
794 3375 948 3440 valentem,
979 3376 1142 3440 superbum,

171 3443 289 3492 tristem.
359 3446 418 3495 119.
437 3441 489 3494 Or.
509 3443 574 3495 Her.
593 3443 630 3508 11,
650 3446 692 3496 85.
727 3444 778 3497 Ex.
797 3447 851 3493 act.
869 3444 947 3507 prob.
