2509 3917
394 175 460 234 Lib.
480 181 525 232 VI.
562 195 588 237 v.
606 183 748 233 tut-221.

72 339 179 407 lidda,
203 337 283 418 quod
306 340 384 400 irato
407 337 542 399 dissolvit
562 345 685 417 pectore
708 356 845 407 caecum

125 423 203 495 Quis
226 419 285 483 scit
307 440 345 484 an
367 422 442 483 haec
465 433 601 484 nostrum
624 424 734 483 nutriat
755 425 799 483 ira
821 421 951 484 malurn?

76 508 157 569 Plus
180 506 263 568 aloes
286 524 376 585 quam
399 505 496 567 mellis
517 506 626 568 habent
648 524 705 584 pro
726 525 800 586 pace
822 508 923 586 petita,

128 592 213 669 Ergo
236 610 292 652 nos
313 590 434 651 Priamo
456 591 527 653 binc
550 592 635 668 quasi
657 608 752 671 poena
776 607 885 652 sumus.
1007 600 1058 650 200

79 677 162 739 Cum
185 673 307 736 turbam
330 672 420 735 turbo
443 675 582 757 turbavit,
607 675 744 753 turgidus
766 678 829 755 ipse

127 760 195 821 Hoc
218 778 273 820 nos
296 758 418 819 turbare
443 758 560 819 turbine
582 775 695 836 pronus
718 766 791 819 erat.

80 845 219 907 Dixerat.
266 842 458 922 Applaudunt
480 850 508 903 at
530 846 631 905 statim
652 841 894 922 Polydamantem

129 926 184 988 llla
207 927 317 988 cohors
340 926 488 988 Graecum
511 928 631 987 mandat
653 928 736 988 adire
759 928 875 990 ducem.

79 1012 265 1093 Polydamas
286 1012 386 1089 itaque
408 1011 549 1089 gradiens
571 1013 802 1089 Agamemnonis
824 1015 879 1072 ista
1007 1019 1057 1068 205

127 1094 262 1158 Auribus
284 1096 424 1164 insinuat,
448 1112 561 1172 rexque
583 1114 708 1157 serenus
730 1104 805 1157 ovat.

367 1273 511 1345 [doncro
531 1274 778 1345 unruochum]

88 1383 155 1444 lam
178 1380 334 1448 Phoebum
357 1387 439 1441 tenet
462 1380 539 1441 unda
563 1383 668 1450 maris,
692 1380 768 1442 elam
790 1388 933 1441 convocat
955 1396 1059 1440 omnes

131 1466 197 1527 Rex
220 1463 336 1526 Danaos
358 1467 504 1542 rogitans,
529 1466 595 1544 quis
618 1464 687 1543 quid
711 1464 748 1524 ad
771 1466 826 1524 ista
849 1472 942 1524 sonet.

86 1551 230 1628 Concipit
250 1552 387 1628 ingentes
410 1550 523 1609 animos
544 1548 602 1608 boc
625 1550 725 1609 omine
747 1548 879 1609 Graecus

131 1634 320 1695 Persuadens
342 1636 406 1711 regi
430 1650 554 1693 munera
576 1632 654 1704 laeta
676 1634 752 1711 capi.
1009 1639 1061 1688 210

88 1718 236 1779 Proditor
257 1727 309 1778 aut
331 1736 418 1787 unus,
443 1724 493 1777 aut
514 1715 633 1795 plures?
656 1716 803 1778 Omnibus
825 1733 928 1776 omnes

131 1801 194 1862 Res
216 1801 313 1862 salvae
337 1808 489 1870 maneant;
513 1800 544 1860 hi
565 1801 643 1879 pede
664 1803 745 1881 pacis
768 1809 843 1862 eant

85 1887 149 1955 Tu,
172 1903 380 1965 quamcunque
403 1887 476 1946 deus
499 1884 552 1967 tibi
573 1886 771 1947 fortunaverit
792 1885 906 1952 horam,

135 1970 228 2030 Grata
250 1987 336 2030 sume
359 1987 457 2037 manu,
481 1975 579 2049 neque
601 1987 721 2030 morere
744 1970 805 2030 diu.

91 2052 153 2122 Qui
178 2052 297 2114 tulitin
320 2063 427 2123 castra,
451 2054 518 2112 rex!
541 2052 631 2131 hujus
654 2056 766 2113 semina
789 2054 884 2129 grani,
1013 2058 1063 2107 215

136 2137 181 2197 Ne
204 2136 324 2197 dubites
344 2135 387 2196 illi
411 2134 500 2197 verba
523 2135 653 2197 secunda
676 2137 767 2216 loqui.

94 2223 149 2283 Est
173 2239 207 2281 ea
230 2240 280 2284 res
303 2222 427 2281 nimium
450 2220 618 2290 temeraria,
643 2219 715 2280 dicit
736 2220 846 2287 Ulixes,

137 2306 176 2366 Et
199 2307 351 2367 consentit
371 2306 402 2365 in
424 2304 482 2366 hoo
506 2304 637 2365 themate
660 2303 767 2365 Nestor
791 2305 829 2363 ei.

96 2390 123 2451 Ο
148 2390 258 2449 totiens
280 2388 410 2448 hominis
432 2395 564 2448 mutatur
585 2406 712 2467 spesque
735 2385 886 2464 laborque,

140 2473 253 2535 Cursor
275 2473 311 2533 ad
335 2479 450 2551 optatas
473 2489 532 2531 nou
556 2475 638 2532 venit
659 2488 755 2547 usque
777 2476 881 2530 metas.
1014 2477 1066 2526 220

98 2557 172 2628 Quis
195 2559 251 2616 soit
273 2574 310 2616 an
333 2557 391 2616 hoc
413 2554 499 2615 oculo
522 2564 638 2634 spectat
660 2555 776 2615 fortuna
799 2552 935 2618 serenol

94 2708 302 2720 ——.-——-·

417 2731 439 2768 u

166 2794 224 2842 199.
243 2788 330 2841 schol.
350 2790 504 2839 amaritiam
522 2789 651 2854 designat
662 2790 742 2853 poois
754 2802 835 2852 quem
848 2802 897 2839 nos
910 2787 1064 2852 petivimus.

96 2856 261 2911 200.›schol.
280 2857 346 2922 quie
364 2872 414 2907 nos
432 2857 614 2922 persequitur.
692 2859 751 2907 213.
771 2857 810 2905 14.
829 2857 895 2906 Hor.
913 2856 963 2919 Ep.
981 2854 1004 2916 1,
1023 2856 1063 2916 11,

96 2929 138 2977 22.
156 2925 199 2980 23.
268 2926 319 2984 Tu,
339 2938 526 2990 quamcunque
545 2929 597 2974 etc.

303 2989 390 3041 Grata
407 3006 484 3040 sume
501 3005 597 3051 menn3
616 3006 669 3041 neo
686 2990 779 3040 dulcia
796 2988 877 3040 differ
893 2989 924 3039 in
940 3002 1050 3043 annum.

97 3059 159 3116 219.
176 3056 313 3124 Pamphll.
332 3057 448 3120 XXVII,
468 3059 493 3109 1.

183 3126 348 3176 Multotienr
366 3124 503 3175 hominum
521 3124 671 3175 frustratur
688 3138 807 3190 spesque
826 3123 965 3189 laborque.

101 3196 161 3246 220.
180 3209 230 3259 pro
249 3193 309 3243 eod.
326 3207 418 3241 moras
436 3192 502 3244 Hor.
519 3192 551 3241 A.
569 3194 600 3242 P.
617 3194 668 3242 412

99 3329 124 3381 Ο
170 3328 218 3379 Τ.
236 3259 539 3377 quilptugdetaboptetam
556 3271 637 3310 cursu
654 3258 811 3324 contingere
830 3262 933 3309 matam
955 3327 957 3330 ι

125 3344 151 3383 v.
195 3342 256 3378 ms.
316 3364 322 3389 ,
359 3364 366 3388 ‚

202 3397 266 3446 Non
283 3394 379 3459 procul
398 3409 415 3443 a
431 3392 524 3456 metis,
542 3408 611 3458 quas
629 3408 701 3458 pene
719 3398 815 3443 tenere
833 3390 958 3456 videbar,

238 3460 382 3512 Curriculo
400 3460 492 3526 gravis
512 3466 554 3510 est
573 3460 649 3511 faeta
667 3461 746 3511 ruina
763 3475 831 3514 meo.
