2509 3917
402 149 472 229 'nin
492 179 539 229 vr.
575 195 601 230 v.
618 178 763 232 rer-rae.
972 254 975 260 ¹
1006 178 1066 259 183

100 329 248 408 Coeperat
270 338 299 390 et
320 330 437 391 Priamo
459 327 576 408 signum
599 330 808 410 splendescere
832 333 951 408 nigrum
997 385 1001 394 ,

144 415 180 474 Et
200 421 315 494 portam
339 413 427 475 turba
447 413 507 493 jam
530 413 665 476 subitura
687 415 775 481 foret:

99 501 233 560 Antenor
256 499 339 560 duxit
360 500 392 559 iu
415 498 492 560 celsa
514 498 621 578 palatia
644 498 805 578 Pyrrbum;

145 582 230 643 Tunc
252 584 353 644 luerat
375 583 457 644 lerro
479 584 593 645 cinctus
616 585 732 661 etipse
753 583 828 644 iero.

98 666 165 727 Nou
188 667 259 726 sinit
280 669 396 728 interea
418 668 551 748 Pyrrhus
573 668 705 728 dormire
728 685 912 738 mucronem,
1014 678 1064 728 465

145 751 257 811 Sternit
278 768 352 830 quos
374 751 468 812 media
493 752 639 832 conspicit
659 752 705 811 ire
726 753 784 812 ria.

98 834 189 895 lanua
211 834 321 912 regalis
343 842 455 896 temere
477 835 616 897 convulsa
639 835 766 896 tumultu

139 918 356 998 ‚Horrendaque
378 920 474 1000 replet
496 923 645 981 anxietate
668 920 799 981 domum.

99 1002 223 1064 Excitus
245 1003 280 1063 ad
304 1005 458 1083 strepitum
482 1005 641 1081 longaevus
662 1003 780 1065 anhelat
803 1004 838 1065 ad
862 1023 957 1065 arura:

143 1090 229 1148 Arma
253 1086 361 1168 quibus
383 1106 484 1166 pacem
508 1088 634 1149 duxerat
654 1089 719 1166 ipse
742 1089 802 1148 din.
1014 1098 1065 1147 470

98 1171 240 1231 Armandi
263 1171 381 1232 Priamo
403 1173 486 1233 deest
507 1175 602 1251 copia,
626 1173 710 1252 copia
734 1191 804 1232 vero

142 1255 262 1316 insueto
284 1263 400 1335 poterat
418 1256 498 1316 utilis
519 1276 583 1318 esse
606 1260 716 1322 minus.

97 1338 157 1408 Qui
179 1339 285 1400 mediis
307 1348 461 1419 postquam
484 1340 564 1401 videt
586 1344 617 1400 in
640 1339 844 1418 penetralibus
866 1340 981 1402 bostem

142 1422 278 1498 Remigio
300 1423 395 1485 credit
417 1423 577 1486 devolitare
599 1424 719 1504 pedum.

97 1506 165 1566 llas
187 1507 357 1585 perdiderat
380 1526 493 1587 pennas
516 1509 634 1569 iurante
656 1516 785 1577 senecta,
1013 1517 1064 1566 475
1148 1501 1154 1512 ”

141 1590 261 1651 Purtivo
284 1592 417 1670 graditur
440 1594 583 1672 temporis
605 1610 677 1653 aura
700 1592 785 1671 pede.

98 1674 165 1735 Non
188 1673 276 1752 longe
298 1678 379 1737 stetit
401 1695 452 1738 ara
473 1677 565 1745 louis:
589 1680 637 1736 vix
659 1677 784 1753 contigit
805 1674 884 1736 illam

142 1757 203 1819 Rex
226 1766 306 1820 ratus
329 1760 430 1821 auxilii
453 1759 563 1821 lercula
585 1761 667 1821 serre
689 1760 802 1828 lovem;

97 1842 272 1922 insequitur
293 1843 429 1926 Pyrrhus
453 1853 482 1906 et
503 1844 538 1905 ad
561 1862 643 1905 aram
667 1846 749 1905 crine
772 1854 936 1906 retractum

140 1927 197 1988 Per
218 1927 328 1989 laevam
351 1928 447 2005 rigido
469 1929 588 2008 perfidit
610 1948 681 1991 ense
703 1947 815 1990 senem.
1012 1939 1064 1987 480

96 2010 153 2071 llic
175 2012 243 2072 sinis
265 2012 383 2082 Priami,
407 2014 449 2074 sic
472 2014 573 2074 taedas
594 2014 723 2093 turpiter
745 2023 826 2074 actas

141 2095 336 2175 Ledaeaequa
358 2096 412 2156 luit
434 2098 550 2157 exitiale
573 2098 666 2157 nelas.

400 2242 589 2312 [uxornmu
607 2241 762 2310 unoruxq

101 2361 224 2423 Hecuba
247 2373 358 2426 uroesta
381 2364 457 2441 lugit
478 2367 673 2442 sequiturque
696 2361 842 2442 Polyxena
864 2375 999 2431 matrem.

143 2446 204 2506 larn
227 2449 352 2509 eredunt
374 2447 478 2509 ambae
501 2449 680 2508 sustinuisse
702 2465 815 2510 nerem.

102 2535 218 2591 Aeneas
241 2533 373 2593 occurrit
394 2533 445 2600 cis,
469 2551 487 2591 o
509 2532 581 2592 tiro!
604 2530 703 2611 puella
1013 2543 1063 2610 485

143 2615 202 2674 lsta
225 2622 277 2675 tuo
298 2618 375 2676 vivat
396 2634 530 2686 munere,
553 2624 649 2675 mater
670 2618 727 2686 ait;

98 2698 206 2759 Omnia
228 2700 423 2777 perdidimus,
447 2699 654 2762 tautummodo
675 2700 731 2759 vita
755 2699 857 2760 relicta
881 2708 934 2769 est,

140 2781 284 2844 Praebeat
306 2791 338 2844 ut
360 2802 479 2845 sensum
503 2783 717 2859 materiamque
740 2782 823 2844 nrali:

100 2920 302 2928 ..η-Μ..

164 2983 224 3035 461.
241 2983 345 3049 Margo,
362 2983 554 3048 splendescere
574 2990 688 3049 propter
705 2985 806 3049 ignem,
825 2985 932 3049 nigrum
950 2992 1065 3051 propter

93 3056 253 3116 corruptam
276 3052 464 3105 intentionem.
558 3054 616 3102 473.
636 3052 711 3115 Virg.
730 3051 798 3101 Aen.
816 3052 859 3114 11,
880 3054 937 3103 508.

304 3125 332 3169 et
349 3119 467 3169 medium
485 3120 514 3167 in
532 3118 725 3183 penetralibus
743 3118 859 3169 bostem.

91 3187 155 3236 479.
172 3186 250 3250 Virg.
267 3184 336 3241 Aen,
354 3186 390 3248 11,
408 3188 467 3236 550.
485 3188 542 3239 551.
560 3187 620 3237 553.

300 3278 333 3288 -
350 3278 383 3288 -
401 3278 433 3287 —
453 3251 553 3303 altario
571 3253 606 3302 ad
623 3253 686 3317 ipse
703 3257 863 3303 trementem

215 3319 312 3370 Traxit

301 3403 335 3438 ae
352 3387 436 3437 lateri
455 3386 553 3450 capulo
572 3390 654 3437 tenus
672 3385 779 3437 obdidit
797 3401 901 3437 ensem.

94 3453 158 3505 481.
178 3453 256 3518 Virg.
273 3453 342 3508 Aen.
362 3456 398 3516 ΙΙ,
416 3456 474 3506 555.
493 3454 563 3504 haec
580 3454 643 3504 finis
660 3454 764 3504 Priami
781 3454 908 3507 fetorum.
