2509 3917
432 207 496 259 nau
514 208 564 260 111.
599 226 625 262 v.
644 209 788 261 ace-aaa.
951 269 958 281 ,
1000 172 1004 183 ’
1054 208 1094 273 83

39 427 43 435 ‚
130 362 248 423 Somnia
273 378 310 421 ne
332 358 446 429 credes,
471 361 511 421 ait
532 359 651 430 Hector,
674 360 777 422 tallere
800 370 919 432 norunt,

170 440 214 505 lle
237 463 328 526 snper
350 444 406 504 hac
429 450 518 506 nemo
542 444 631 507 debet
652 445 764 507 babere
786 446 884 508 tidem.
1123 497 1130 509 .

129 531 234 592 Omnia
257 547 334 609 quae
356 546 445 591 seusu
467 528 626 591 volvuntur
648 539 715 592 rota
739 531 855 607 diurno,
1042 542 1092 592 aaa

169 615 294 675 Pectore
316 617 413 692 sopito
436 613 535 676 reddit
558 616 652 675 amica
675 617 769 695 quies.

127 701 256 761 Venator
279 698 392 760 delesse
415 698 502 759 thoro
526 717 593 760 cum
616 700 753 760 membra
775 701 900 779 reponit,

169 784 253 845 Mens
275 792 374 844 tamen
397 784 435 843 ad
457 783 555 854 silvas,
578 784 614 844 ad
638 803 690 845 sua
712 785 805 846 lustra
827 786 913 846 redit.

127 868 213 942 Quod
236 869 321 929 timet
343 873 394 928 aut
415 875 514 965 sperat
536 876 587 929 aut
609 868 689 948 quod
712 869 864 930 meditatio
886 871 1003 940 format,

169 953 255 1024 Quod
279 951 431 1032 pausando
452 953 543 1052 jaacan·
565 970 654 1032 saepe
677 953 781 1014 videre
803 953 886 1014 solet.
1042 962 1092 1013 370

127 1036 260 1107 Femina,
283 1036 496 1119 quando-suus
518 1039 561 1097 vir
583 1039 615 1097 in
638 1037 837 1100 anxietatibus
860 1039 971 1109 humet,

168 1123 232 1183 Hoc
255 1122 385 1182 videtin
408 1123 528 1192 somnis,
551 1122 631 1202 quod
655 1121 802 1203 vigilando
825 1124 919 1185 timet.

126 1206 244 1268 Frivola
266 1206 375 1275 vidisti,
399 1205 573 1268 muliebrem
596 1223 674 1287 pone
697 1210 866 1277 timorem,

169 1290 302 1352 Flectere
324 1310 384 1352 non
406 1290 496 1352 debet
518 1309 570 1352 cor
593 1290 737 1353 muliebre
760 1293 865 1352 virum.

125 1376 169 1438 nd
191 1375 343 1438 Priamum
359 1375 471 1443 mittit,
496 1377 542 1436 iac
563 1393 626 1447 rex,
650 1379 725 1455 petit
747 1373 805 1443 illa,
830 1376 956 1455 maritus
1040 1383 1090 1433 375

169 1460 229 1521 Hac
252 1463 317 1521 rice
340 1478 378 1520 ne
399 1461 501 1521 blartis
524 1463 696 1539 experiatur
719 1477 803 1538 opus.

123 1545 190 1624 Rex
212 1544 349 1605 Paridem
370 1543 457 1624 jubet
478 1551 507 1605 et
529 1544 674 1605 Helenum
697 1543 892 1622 'lboilumque
914 1544 1028 1607 vocari:

169 1630 307 1690 Memnon
329 1637 359 1689 et
382 1632 495 1690 Aeneas
518 1631 756 1690 concomitantur
779 1646 839 1688 eos.

124 1714 184 1774 Vos
205 1713 285 1775 acies
307 1720 414 1793 aptate,
439 1717 541 1782 refert,
565 1732 603 1773 ne
621 1720 710 1774 veareat
733 1712 852 1782 Hector,

167 1798 312 1859 Effectum
335 1798 453 1877 capiant
475 1804 507 1860 ut
530 1816 594 1858 mea
618 1797 717 1867 verba,
742 1814 859 1877 precor.
1041 1804 1092 1856 380

192 1960 448 2018 nunnomorm
466 1948 672 2016 ursacium
689 1960 837 2015 aennon
853 1926 1023 2016 finenem.

123 2066 237 2128 Hector
259 2066 295 2126 ad
317 2067 543 2128 Andromachen
566 2069 612 2127 ira
635 2065 795 2127 mediante
808 2068 950 2135 cucurrit,

167 2153 256 2212 Arma
277 2153 412 2231 poposcit
434 2153 559 2212 ethaeo
581 2150 783 2230 obstupelacta
806 2152 898 2211 stetit.

109 2237 302 2314 'Astyanacta
324 2237 411 2315 rapit,
435 2244 578 2314 reputans
600 2235 679 2315 quod
703 2235 781 2295 tilius
802 2234 852 2294 illo

166 2320 271 2380 Posset
292 2319 328 2380 ab
352 2321 432 2381 dioto
454 2338 506 2380 cor
528 2337 670 2381 revocare
693 2318 796 2398 patris.
817 2326 819 2331 “

123 2403 242 2481 Detegit
264 2404 343 2464 hunc
366 2404 461 2484 ajens:
485 2414 534 2465 tua
556 2405 662 2474 forma,
686 2404 847 2463 tenerrime
870 2399 926 2461 fili!
1040 2408 1112 2458 385·

166 2487 287 2548 Patrem
309 2495 487 2567 compescat,
510 2507 548 2549 ne
571 2488 659 2550 modo
682 2487 759 2549 bella
782 2494 876 2565 gerat.

123 2572 163 2632 Se
186 2579 273 2651 pater
295 2572 331 2632 ad
354 2590 482 2651 puerum
504 2573 650 2645 submisit,
674 2590 776 2633 amore
799 2579 923 2648 paterno

96 2710 106 2727 ,
164 2657 261 2717 Parvo
284 2655 527 2723 conatusoscula
551 2675 639 2736 parra
662 2659 744 2719 dare.

191 2824 249 2875 363.
270 2823 350 2874 Cato.
369 2824 441 2875 Dist.
459 2824 497 2886 ΙΙ,
516 2826 556 2874 71.

190 2892 304 2941 Somnio
321 2906 356 2940 ne
375 2906 465 2953 cures3
484 2907 548 2941 nam
567 2907 644 2942 ruens
661 2892 780 2942 humana
798 2892 870 2956 quod
889 2895 987 2972 optans

190 2959 261 3010 Dum
279 2958 388 3025 vigilat,
407 2963 510 3024 sperat,
529 2975 578 3025 per
596 2974 718 3010 somnum
736 2962 825 3009 cernit
841 2958 896 3008 id
889 2975 988 3024 rpsum.

121 3029 267 3079 aee—368
285 3027 419 3092 depromti
439 3026 589 3077 Claudiani
613 3029 734 3077 carmine
752 3028 804 3077 XX
820 3042 847 3077 v
867 3029 942 3078 1-4.
1030 3028 1088 3079 363.

26 3112 27 3137 1
121 3096 163 3145 to.
181 3094 299 3144 imitatio
319 3094 462 3144 Claudiani
481 3095 542 3159 XX,
561 3097 627 3146 7-9

27 3200 28 3209 .
240 3161 327 3212 Furto
346 3161 450 3227 gaudet
468 3177 572 3224 amens,
592 3166 729 3227 permutat
747 3160 843 3211 navita
861 3176 968 3212 merces

205 3252 208 3259 ν
274 3229 311 3278 tat
329 3228 398 3294 vigil
417 3228 528 3293 elapsas
548 3229 655 3294 quaerit
675 3243 774 3279 avarus
793 3244 868 3294 opes.

241 3294 404 3360 Blandaque
421 3295 540 3361 largitur
557 3297 661 3347 frustra
678 3295 834 3348 silientibus
853 3296 945 3360 aegris

275 3363 398 3428 Irrignus
417 3362 509 3427 gelido
526 3364 625 3428 pocula
645 3364 722 3414 fonte
741 3379 829 3428 sopor.

119 3433 179 3482 373.
199 3430 357 3480 muliebrem
381 3447 429 3496 pro
454 3430 512 3480 cod.
536 3432 724 3482 muliebreme.
809 3434 868 3485 374
888 3429 1021 3480 muliebre
1038 3441 1088 3494 pro

40 3558 45 3569 Ι
120 3497 181 3549 eod.
200 3498 323 3549 muliere.
392 3500 450 3551 383.
470 3500 577 3565 Margo.
613 3500 743 3550 notiones
761 3497 833 3549 tilius
851 3498 989 3548 Hectoris.

849 3579 884 3629 6*
