2509 3917
157 220 217 285 148
474 220 534 275 nib.
552 220 586 271 v.
617 234 644 273 v.
662 217 807 272 raa-sac.

197 376 258 446 Est,
280 381 365 435 sueto
388 373 533 433 modicam
557 389 641 432 more
665 380 781 430 movete
803 385 936 429 manum.

156 463 247 530 State,
270 458 374 527 redite,
398 456 523 537 gradum
546 458 721 524 convertite,
744 462 830 522 state,
853 461 956 514 cavete

199 542 370 607 Ridiculum
393 541 499 602 lamae.
544 539 675 600 Pessima
698 541 777 599 lama
800 539 899 615 iugae.

156 630 217 691 Nee
240 646 324 690 mora
347 627 394 695 sit,
418 628 478 686 cito
501 624 653 703 dispersas
675 623 797 684 densata
819 631 963 689 catervas,

199 714 237 775 Et
259 714 342 789 quasi
364 728 439 789 grex
461 728 538 770 onus
558 709 662 769 Martis
684 710 776 786 agatis
799 723 883 783 opus.

157 798 237 859 Dixit
259 806 289 857 et
312 796 452 857 adversos
474 793 566 855 telum
590 795 736 854 contorsit
758 795 790 853 in
813 791 915 851 hostes

199 881 399 957 Restituitque
421 897 475 939 suo
497 877 613 957 perdita
638 878 728 938 corda
750 875 826 937 loco.

156 966 199 1027 lio
221 965 334 1026 timidis
355 963 459 1024 tumidi
483 964 557 1023 liunt
579 962 747 1023 hortamine
769 961 884 1039 Pyrrhi,

200 1050 242 1110 Ile
264 1048 378 1124 pandis
400 1048 486 1109 avida
509 1055 630 1126 pectora
654 1046 763 1106 dantur
785 1048 838 1110 ita.

158 1134 216 1205 Qut
238 1136 359 1196 fuerant
382 1131 487 1199 timidi,
511 1131 647 1205 redeunt,
672 1137 701 1191 et
722 1130 813 1191 corde
835 1131 963 1191 tumenti
1057 1161 1062 1168 .

201 1217 318 1297 Quique
341 1225 458 1294 pavent,
482 1213 598 1292 gladius
621 1225 653 1276 ut
675 1222 840 1293 repetatur,
864 1220 959 1275 avent.

159 1302 320 1364 Confliotus
341 1306 500 1362 renovatur
522 1303 605 1368 item,
628 1300 781 1377 depugna
804 1305 930 1379 repente

175 1387 336 1454 ,Maxima
360 1383 515 1463 consurgit
537 1383 639 1445 lancea
662 1392 762 1462 strage
785 1402 869 1445 nova.
945 1448 950 1453 ,

123 1517 127 1526 ,
159 1470 291 1553 Pyrrhus
312 1470 356 1530 ibi
378 1469 518 1530 devectus
540 1477 570 1529 et
593 1469 642 1528 hic
664 1468 811 1528 hortando
833 1484 970 1529 reversos

203 1555 374 1617 Consolidat
397 1571 516 1623 cuneos,
539 1556 662 1614 nomine
685 1569 834 1629 quemque
855 1570 974 1612 vocans.

160 1638 459 1717 lrreprelrensibilem
482 1657 514 1699 se
537 1637 622 1699 miles
644 1637 681 1697 ad
704 1640 803 1698 omnia
825 1636 925 1697 reddit

203 1723 241 1783 Se
264 1722 321 1783 sub
344 1723 466 1784 militiae
489 1722 564 1782 tiore
587 1722 728 1783 decenter
749 1719 875 1783 habens.

161 1807 200 1867 Se
221 1805 366 1885 Phrygias
386 1804 457 1884 jacit
479 1807 510 1866 in
532 1808 612 1866 acies
635 1813 666 1866 et
687 1808 832 1883 sauguine
854 1804 967 1872 bracat,

203 1890 265 1951 Nec
288 1908 395 1951 manus
416 1890 495 1950 illius
518 1909 534 1950 a
556 1888 691 1951 leniendo
714 1898 807 1951 vacat.
867 1914 871 1921 ·

161 1975 194 2035 ln
216 1975 342 2036 Teucris
364 1974 492 2035 rubeum
516 1972 662 2035 violenter
684 1973 801 2035 balneat
826 1993 937 2042 ensem,

204 2059 315 2120 Balnea
338 2058 375 2119 de
397 2060 492 2138 stygio
515 2060 563 2119 dic
586 2076 620 2119 ea
642 2058 700 2119 lata
721 2057 796 2119 lacu.

160 2143 267 2205 Hostes
288 2150 486 2204 commactant
508 2144 620 2220 pariter
642 2160 685 2212 se,
708 2160 764 2203 noc
787 2162 876 2204 cruor
899 2159 967 2203 arva

204 2227 300 2288 lnlioit
322 2227 437 2288 inlusus
460 2225 545 2305 plena
569 2245 677 2287 cruore
699 2229 795 2305 prius,
1248 2295 1249 2302 ἵ

165 2311 227 2372 Neo
249 2329 372 2391 campus
394 2312 489 2373 rubeo
513 2311 645 2371 rubescit
666 2314 819 2389 sanguine,
843 2313 965 2390 sanguis
1079 2320 1135 2368 515
1248 2341 1249 2396 p

204 2397 364 2474 Sanguinis
385 2394 488 2456 arivo
510 2402 568 2458 stat
589 2396 706 2473 potiore
727 2396 811 2457 vado.
1248 2409 1249 2426 ¹

164 2478 298 2552 Quantus
320 2480 402 2560 equis
425 2486 612 2559 quantusque
635 2481 708 2540 viris
731 2480 768 2541 de
791 2480 913 2559 pulvere
935 2497 1036 2540 crasso

204 2565 302 2626 Sudor
326 2573 397 2633 erat,
420 2580 518 2631 nemo,
542 2565 592 2642 qui
613 2566 743 2625 reticere
765 2573 862 2644 queat.

161 2646 295 2709 Pulveris
318 2666 458 2709 ascensus
481 2648 624 2727 sepelitur
647 2651 803 2727 sanguinis
824 2649 928 2719 imbre,

203 2731 236 2793 ln
258 2730 370 2794 rubeos
392 2732 497 2793 latices
520 2733 644 2793 vertitur
666 2733 760 2793 herba
784 2735 893 2794 virano.
1079 2740 1137 2790 520
1248 2709 1249 2776 Ῐ

162 2816 288 2878 Pulvere
311 2834 371 2878 non
394 2817 520 2885 fluitant,
544 2818 739 2878 mucronibus
762 2836 830 2880 arva
853 2825 1020 2878 coruscant.

203 2900 288 2961 Unde
310 2902 342 2961 nt
364 2910 397 2962 ut
418 2900 510 2963 multa
534 2899 627 2961 millia
651 2909 741 2963 strata
766 2903 882 2963 cadant.

161 2985 218 3045 Tot
241 2994 352 3046 mortes
374 2994 512 3063 poterant
534 2986 643 3064 stygias
665 2985 803 3066 implesse
826 2985 958 3066 paludes,

204 3070 340 3140 Maxima,
365 3071 424 3132 dux
446 3070 592 3131 Erebum!
616 3073 647 3130 ni
669 3078 720 3131 tna
742 3088 836 3149 regna
860 3070 967 3131 lorent.

161 3153 216 3214 Vix
239 3152 294 3214 luit
316 3154 375 3215 hoe
397 3172 522 3215 numero
545 3154 739 3231 distinguere,
764 3158 831 3236 quis
854 3155 900 3216 vol
915 3156 947 3214 in
963 3156 1057 3216 istum
1080 3163 1136 3213 525

204 3239 262 3298 Aut
284 3239 364 3300 hunc
386 3258 442 3317 pro
465 3239 580 3299 meritis
603 3238 711 3300 debeat
733 3243 779 3300 ire
801 3238 911 3309 lacurn,

160 3340 359 3352 κη...-

229 3372 287 3420 501.
306 3369 373 3420 ooo.
391 3369 498 3421 sumini.
520 3341 526 3346 ’
550 3371 608 3421 eoo.
628 3369 694 3421 ooo.
713 3373 818 3422 ararat.
869 3375 930 3425 ms.
950 3372 1016 3423 coa.
1035 3372 1137 3424 hostes

161 3436 355 3549 lbostesepa.
391 3435 650 3489 nosochomium.
696 3440 753 3488 525.
768 3438 835 3494 Cod.
849 3441 939 3490 iatam.
987 3440 1131 3497 526.Cod.

182 3516 241 3550 ano.
