2509 3917
193 231 254 296 172
498 233 560 288 nic.
580 233 627 284 vr.
664 249 689 285 v.
710 192 852 285 roa-roe.

301 413 512 484 [CONSILIUM
529 413 742 469 ANunNouls
759 414 806 468 E'I'
822 413 1051 485 economum}

191 537 329 601 Nondum
352 539 398 599 sol
421 537 540 619 liquidis
561 557 594 599 se
617 540 741 600 miserat
762 556 869 600 aureus
891 537 980 600 undis

235 621 316 685 Clam
339 625 453 685 sociant
474 623 565 703 aliqui
588 641 631 693 se,
654 619 721 684 sine
742 633 828 692 teste,
851 620 927 690 sibi;

191 706 313 768 Scilicet
335 704 483 778 Antenor,
506 707 605 769 Iolaus
626 706 870 787 Polydamasque,

233 792 445 871 Amphidamas
466 791 525 853 illis
547 792 630 853 alluit
652 800 741 871 atque
763 791 869 853 Dolon.

191 877 299 938 Dicunt
320 877 422 938 mirari
443 895 485 947 se,
508 891 612 952 regem
635 874 722 937 malle
743 877 854 956 perire,

233 960 327 1032 Quam
350 977 403 1022 sua
425 960 481 1021 sub
502 960 586 1040 pacis
607 962 806 1040 prosperitate
828 961 904 1020 fore.

191 1042 334 1106 Hostibus
356 1044 463 1105 inclusi
484 1063 588 1106 snmus
610 1063 724 1115 omnes,
747 1045 842 1125 patria
864 1052 988 1112 moeret,
1063 1109 1066 1114 ,

233 1128 311 1190 Sunt
333 1130 401 1207 quia
424 1130 564 1190 continua
586 1128 710 1208 proelia,
734 1132 860 1209 quisque
882 1126 973 1188 dolet.
1244 1089 1247 1188 i

190 1211 339 1284 Consiliis,
361 1216 494 1275 Antenor
515 1213 565 1283 ait,
588 1213 730 1275 attendite
753 1214 862 1275 nostris
1119 1223 1171 1271 175

233 1296 376 1359 [licendis
397 1299 512 1358 firmam
536 1297 741 1359 continuando
757 1299 857 1358 fidem.
933 1369 937 1376 ,

191 1379 328 1459 Quidque
349 1381 445 1442 velitis
468 1389 497 1443 et
519 1381 565 1441 his
587 1388 735 1462 praestate
757 1380 874 1443 silentia
897 1380 989 1442 rebus

232 1466 345 1535 Dicite;
368 1482 503 1546 moxque
518 1464 612 1543 ligant
633 1465 680 1526 bis
702 1484 753 1526 sua
776 1474 843 1527 vota
863 1465 931 1526 lide.

190 1548 334 1612 Omnibus
355 1549 503 1611 adstrictis
525 1552 656 1612 Aeneam
678 1549 781 1612 deesse
803 1548 956 1630 patrandis
1246 1483 1249 1676 ’

231 1634 336 1696 Noluit
357 1636 498 1704 Antenor,
523 1634 602 1695 unde
624 1642 744 1696 vocatus
766 1633 860 1694 adest.
1116 1643 1172 1692 180

191 1716 216 1777 0
238 1717 444 1780 Anchisiades!
467 1720 517 1788 ait,
540 1720 597 1778 ista
619 1717 788 1797 frequentia
811 1716 881 1778 belli

232 1800 378 1862 Omnibus
400 1811 445 1863 est
467 1803 560 1871 oneri,
585 1802 713 1862 dicImus
735 1819 807 1882 crgo
829 1800 894 1862 tibi:
1247 1735 1250 1890 i

192 1886 307 1946 Censeo
330 1885 513 1955 tradendam,
537 1895 569 1946 tu
592 1888 618 1946 si
639 1887 838 1956 consenseris,
861 1883 985 1954 urbem;

231 1969 283 2031 Est
305 1986 394 2048 grave
415 1971 569 2049 perpetuis
592 1987 701 2048 corpus
722 1971 847 2032 humare
869 1969 965 2031 malis.

191 2052 295 2115 Cautio
317 2053 396 2131 quod
420 2053 515 2115 danda
538 2056 577 2115 sit
597 2053 634 2115 ad
657 2056 711 2115 ista
735 2056 861 2133 negotia,
885 2056 976 2122 scitis,
1098 2063 1165 2124 ‚185

230 2136 274 2198 Ne
296 2146 406 2199 noceat
427 2146 495 2199 voto
511 2139 698 2218 suspiciosus
720 2138 820 2200 bomo.

188 2220 231 2283 dd
255 2221 372 2283 Danaos
394 2226 513 2302 sapiens
536 2232 565 2283 et
588 2232 693 2283 cantus
715 2225 835 2284 nuntius
856 2222 913 2283 ibit

230 2305 349 2367 Semina
372 2305 493 2367 consilii
515 2307 643 2367 seminet
664 2306 714 2368 ille
738 2306 813 2368 duci.

190 2389 242 2452 lile
265 2390 429 2469 reportabit
450 2392 532 2468 pacis
556 2391 698 2452 tutamina
722 2390 808 2451 nobis

230 2473 269 2536 Ut
291 2474 397 2535 vadant
418 2481 520 2535 nostra
543 2472 685 2535 liberiore
707 2476 762 2534 via.
1115 2485 1169 2532 190

189 2556 380 2619 Tardandnm
402 2575 462 2619 non
486 2566 540 2628 est,
564 2558 615 2619 sed
639 2567 673 2619 ut
694 2557 896 2619 acceleremus
919 2566 1048 2636 oportet,

232 2640 298 2701 Non
321 2642 433 2721 patitur
455 2641 574 2719 longam
597 2640 687 2703 lectio
709 2649 810 2702 nostra
833 2643 962 2702 moram!

127 2777 132 2782 .
190 2724 273 2785 Hanc
295 2723 449 2786 hominnm
472 2727 565 2805 siquis
587 2726 734 2788 audiverit
755 2734 832 2795 ante,
856 2733 981 2787 curante

228 2808 261 2868 ln
285 2817 417 2870 nostram
440 2808 526 2869 cedet
548 2812 686 2887 protinus
707 2808 754 2869 illa
779 2827 898 2879 necem;

189 2889 227 2953 Et
249 2893 316 2970 quia
339 2910 395 2953 nos
417 2893 537 2953 Priamo
560 2910 664 2971 pacem
688 2894 890 2972 persuasimus
913 2892 982 2953 olim
1113 2903 1167 2952 195
1249 2955 1250 2958 ,

232 2974 327 3035 Instat
348 2976 483 3037 consiliis
504 2977 628 3037 forsitan
653 2976 703 3037 ille
726 2980 825 3047 novis;

253 3176 311 3227 168.
329 3177 448 3225 fortasse
470 3174 629 3239 legendnm:
659 3177 707 3227 sed
725 3176 786 3227 sine
804 3182 887 3230 teste.
991 3179 1050 3233 too.
1069 3178 1162 3230 Dareo

185 3243 321 3294 nominet:
340 3241 491 3305 Ucalcyon.
563 3244 619 3295 rto,
640 3243 699 3293 cod.
719 3243 814 3295 Delon.
880 3245 937 3297 188.
956 3243 1049 3296 Schol.
1071 3244 1164 3296 Gree-

186 3324 285 3360 corum.
390 3310 448 3357 192.
473 3307 524 3358 Ov.
547 3307 613 3358 Met.
633 3309 679 3371 IV,
701 3312 758 3363 350.
787 3312 888 3375 vixque
910 3326 1016 3363 morem
1038 3313 1160 3377 patitur.

187 3377 244 3427 193.
262 3375 348 3425 schol.
373 3388 428 3423 cur.
452 3372 540 3426 finem.
611 3377 667 3428 194.
686 3375 769 3426 schol.
790 3378 855 3441 quie
873 3379 898 3427 si
915 3378 1068 3429 consilium·
1081 3380 1163 3430 istud

184 3439 353 3489 intellexerit
378 3445 443 3488 ente
461 3438 542 3488 finem
561 3440 712 3491 occidemur
729 3458 746 3491 a
764 3443 884 3495 Priamo.
991 3448 1050 3496 194.
1070 3446 1162 3498 schol.

183 3503 244 3558 ille.
262 3506 345 3556 lectio
363 3506 410 3556 vel
428 3507 511 3555 ectio.
