2509 3917
171 201 211 267 76
471 201 535 254 nra.
553 202 605 254 111.
640 217 666 252 v.
685 201 829 251 rsa-194.

170 355 215 416 Ad
238 372 347 433 pausas
368 373 384 415 a
407 364 507 432 strage
529 368 636 414 manna
657 361 728 412 tuuc
750 353 848 432 prima
870 357 1001 421 vocatur,

214 440 342 518 vaginas
363 447 479 500 veteres
500 436 599 498 induit
620 439 700 498 ensis
721 435 825 497 hebes.
939 455 945 466 ·

172 523 294 602 Trojaui
316 521 436 602 Troiam
458 522 589 584 subeunt
611 519 721 581 sudare
742 521 860 597 nigrati,

214 606 366 687 Sanguine
388 608 552 685 conspersi,
576 604 726 665 debilitate
747 604 835 683 pigri.
1093 610 1145 659 17⁰

174 692 276 753 Castra
299 698 404 769 petunt
426 691 532 753 Graeci
553 688 730 767 Phrygibus,
752 691 777 749 si
800 685 915 765 singula
937 704 1056 767 penses,

215 776 376 853 Sanguine,
400 775 519 844 sudore,
542 774 696 835 debilitate
718 790 816 851 pares.
1239 792 1245 949 p

404 1003 528 1059 VERBA
545 1003 654 1059 REGIS
673 1001 908 1059 umectabat.

171 1143 239 1204 Rex
265 1142 397 1204 Danaum
421 1141 565 1221 loquitur:
588 1141 747 1203 'lrabeatls
769 1160 835 1203 esse
858 1149 1014 1203 cruentum

217 1227 249 1286 ln
274 1226 363 1289 bellis
384 1227 460 1287 ritae
483 1227 664 1302 continuare,
680 1234 800 1287 statum.

173 1312 290 1371 Interea
312 1313 457 1391 queritur,
481 1313 547 1389 quis
568 1319 670 1372 tantae
692 1311 826 1388 pondera
848 1309 936 1371 molis

217 1395 342 1476 Semper
366 1392 410 1456 rel
433 1393 528 1455 valeat
549 1393 593 1455 vel
616 1393 746 1456 tolerare
768 1393 848 1456 velit.

173 1478 263 1541 blillia
285 1478 388 1548 multa,
412 1480 515 1549 refert,
539 1497 555 1540 e
577 1481 688 1540 nostris
711 1488 803 1541 strata
827 1477 931 1538 ridetis

218 1564 396 1625 Intumulata
417 1564 526 1643 jacent
550 1566 618 1643 quis
640 1563 768 1643 sepelire
790 1563 906 1642 potest?

175 1648 289 1709 Lunam
313 1646 456 1717 consiliis,
479 1648 573 1708 solem
596 1649 800 1709 consumimus
823 1648 923 1722 armis,

220 1731 257 1790 Et
274 1740 430 1807 'nunquam
452 1749 595 1811 proceres
616 1732 729 1810 absque
750 1730 854 1793 labore
876 1747 988 1792 sumus.

175 1819 212 1875 ht
235 1817 286 1893 qui
307 1818 351 1874 vis
372 1815 455 1875 coelo
478 1819 600 1894 tegitur,
623 1818 674 1896 qui
696 1833 756 1876 non
780 1814 870 1876 habet
891 1830 1007 1884 urnam,

217 1898 407 1976 Sarcophago
429 1898 507 1970 selis,
532 1898 598 1978 plus
620 1901 699 1962 valet
719 1917 793 1961 urna
816 1897 881 1959 soli.

175 1983 292 2044 Mortua
316 1981 434 2043 defosso
457 1982 635 2045 clauduntur
657 1984 791 2045 membra
813 1981 984 2062 sepulchro,

217 2066 260 2127 Ne
282 2065 380 2126 laedat
403 2068 483 2128 viros
504 2067 573 2129 tabe
595 2068 691 2131 soluta
713 2087 799 2129 cara:

177 2151 262 2212 Unde
285 2150 381 2220 decet,
405 2161 525 2214 nostros
546 2161 580 2214 ut
601 2152 810 2214 subterrenas
831 2152 951 2220 amicos,
1098 2159 1147 2208 185

222 2235 293 2296 Cum
318 2235 427 2314 quibus
450 2245 479 2297 et
502 2237 638 2314 qtrandn‘l
660 2235 827 2317 quamodo?
849 2244 966 2315 tempus
989 2232 1089 2305 abest;

176 2319 282 2399 Nilque
305 2322 420 2381 relerre
442 2324 513 2386 scio.
537 2321 683 2393 tabesne
706 2320 847 2381 cadavera
871 2318 973 2389 solvat,

218 2408 261 2465 hu
286 2422 359 2482 rogo
382 2414 507 2465 urentur
528 2413 663 2485 tempore
685 2424 744 2485 quo
765 2403 811 2464 rel
834 2404 904 2465 ubil

176 2487 359 2550 Vulneribus
381 2490 447 2550 fieri
469 2489 593 2550 deberet
615 2490 700 2551 docta
724 2488 850 2559 medela,
1248 2548 1249 2567 2

218 2573 309 2633 Docta
330 2573 382 2634 sed
406 2583 435 2634 et
457 2574 554 2635 subita
578 2574 685 2636 damna
707 2574 844 2635 trahente
866 2590 960 2633 mora.
1096 2581 1148 2629 190
1247 2570 1249 2627 l

177 2656 251 2723 Vidi,
275 2656 353 2735 quod
376 2659 476 2718 luerat
497 2659 594 2737 primo
617 2656 761 2728 curabile,
783 2657 890 2718 vulnus

215 2738 403 2818 Dilatumque
426 2758 528 2802 morae
550 2742 657 2802 damna
681 2742 784 2803 tulisse
806 2760 887 2802 suae.

176 2823 207 2884 Si
229 2823 328 2885 miuus
351 2825 473 2885 edoctus
494 2829 666 2887 tractaverit
687 2825 735 2888 illa
758 2826 928 2904 chirurgus,

218 2907 289 2969 Sors
311 2909 389 2970 mala
413 2909 457 2970 rel
479 2909 565 2989 pejor
586 2912 715 2990 pessima
739 2911 838 2971 forsan
862 2911 928 2970 erit.

248 3144 307 3193 173.
326 3142 437 3209 Margo:
456 3145 592 3196 trabeatis
611 3146 630 3194 i.
650 3161 674 3196 e.
687 3146 827 3197 nobilibus
839 3144 884 3197 vel
897 3144 1071 3211 principibus
1083 3144 1151 3208 quia

175 3209 275 3260 trabea
297 3214 341 3260 eat
361 3214 450 3262 vestis
471 3214 639 3277 principum.
709 3215 766 3264 181.
784 3214 854 3264 Luc.
872 3213 970 3266 Phara.
992 3211 1057 3273 vn,
1080 3212 1146 3262 8192

175 3277 252 3328 coelo
271 3279 386 3344 tegitur,
405 3280 524 3343 quinon
542 3279 629 3330 habet
646 3295 752 3329 urnam.
823 3282 880 3331 191.
899 3282 940 3334 92.
960 3278 1011 3329 Or.
1029 3277 1146 3329 Remed.

176 3349 233 3403 101.
252 3348 276 3397 2.
314 3345 376 3395 Vidi
395 3361 456 3412 ego,
475 3346 546 3411 quod
565 3346 652 3412 primo
671 3347 764 3399 fuerat
781 3348 919 3409 sanabile,
938 3344 1039 3405 vulnus

345 3414 470 3465 Dilatum
489 3413 590 3479 longae
609 3414 709 3465 damna
726 3416 827 3466 tulisse
845 3429 947 3469 merae.

176 3483 233 3531 192,
252 3481 378 3532 Dilatum
396 3498 430 3534 ex
449 3481 547 3532 Ouidio
565 3496 614 3546 pro
632 3483 721 3532 nostri
739 3481 862 3532 Vilatum
880 3482 1029 3546 paruimus,
