2509 3917
194 221 238 286 34
516 222 577 276 eae.
595 223 618 272 1.
655 239 682 270 v.
700 223 845 274 eve-raa.

239 374 321 446 Quae
343 376 433 435 nimis
455 375 707 454 apparent‘retia,
731 377 804 435 vitat
825 379 897 435 avis.

194 460 254 524 Ora
276 476 394 520 sacrum
417 464 538 519 teneant
559 475 598 518 ne
620 458 659 518 sit
680 462 824 536 strepitus
848 476 945 537 neque
967 460 1089 530 elamor.
1118 471 1172 521 660

237 543 311 615 Quis
332 545 432 604 minor
455 550 502 603 est
524 558 666 620 unquam,
690 559 778 618 quam
802 545 939 612 tacuisse,
962 543 1068 605 labori

447 721 509 778 fltc
526 721 650 777 RAP'PA
667 722 734 777 EST
751 722 909 779 HELENA.

194 846 250 917 Qui
273 844 437 924 prohibere
460 844 569 913 studet
593 842 717 922 pelagus
740 864 778 905 ue
799 845 931 916 fluctuet,
955 847 1034 925 iguis

237 931 282 991 Ne
304 929 409 998 caleat,
432 928 531 990 studio
553 929 665 990 iallitur
687 928 825 990 illesus.

193 1014 255 1075 Nee
276 1013 352 1075 later
374 1012 488 1092 absque
510 1011 574 1074 luto
596 1031 653 1074 aee
675 1032 800 1093 serpens
822 1014 935 1093 absque
958 1032 1074 1075 venenu

236 1098 307 1159 Esse
330 1104 436 1177 potest,
460 1115 516 1157 nec
540 1099 598 1158 erit
619 1098 730 1158 femina
754 1106 833 1159 casta
857 1096 919 1159 diu.
1114 1109 1167 1159 685

193 1181 282 1243 Passa
305 1180 394 1242 modo
417 1181 566 1250 Paridem,
589 1180 728 1242 Paridem
752 1181 850 1248 modo,
873 1182 990 1244 'lhesea
1012 1185 1133 1262 pridem

235 1266 296 1327 lam
318 1264 416 1326 Ledea
440 1265 519 1325 thuri
541 1266 605 1327 vult
626 1264 738 1327 violare
760 1266 860 1326 fidem.

192 1349 348 1427 Pugnabat
368 1353 468 1429 primo
491 1349 641 1417 lortassis;
665 1359 704 1416 et.
727 1349 879 1428 improbe!
902 1350 990 1421 diret,

235 1434 400 1512 Pugnando
423 1435 503 1495 vinci
524 1452 557 1494 se
578 1433 659 1495 volet
682 1432 731 1494 illa
754 1443 865 1496 tamen.

192 1519 326 1581 Dicimus
350 1517 428 1582 hane
451 1517 594 1580 Helenam
618 1521 714 1595 magis
736 1537 771 1579 ex
794 1522 912 1579 ratione
934 1518 1077 1590 leaenam,
1113 1530 1165 1579 000

238 1603 288 1663 Vel
311 1605 409 1682 patius
432 1600 528 1662 lenam
552 1603 748 1664 confiteamur
771 1621 846 1663 eam.

194 1687 290 1766 Rupta
314 1686 466 1764 pudicitia,
491 1689 561 1765 quia
584 1685 669 1747 laeda
693 1686 795 1748 leaena
818 1689 945 1767 patrarit

235 1771 356 1831 Crimen
379 1769 528 1839 adulterii,
551 1771 590 1830 sit
611 1773 695 1849 quasi
718 1769 795 1845 lena,
817 1770 936 1850 probat.

191 1853 341 1914 Invadunt
362 1854 463 1914 lanum
487 1871 592 1914 sumno
615 1854 741 1916 fortasse
763 1854 921 1935 sepultum,

237 1938 415 2016 Adspiciunt
437 1936 588 1998 Phoebum
611 1958 668 2000 nee
690 1949 867 2000 reverentur
890 1957 968 2009 eum,
1113 1952 1163 2000 695

192 2019 395 2102 Tyndaridem
417 2024 553 2101 rapiunt;
580 2041 640 2084 nun
663 2034 709 2084 est
731 2025 821 2084 invita
844 2031 957 2092 secuta,

234 2105 341 2184 Fitque
366 2106 503 2183 negando
526 2114 632 2184 patens
655 2116 685 2167 et
707 2108 887 2168 retrahendo
909 2126 1049 2187 sequens.

193 2189 358 2250 Priamides
380 2189 507 2267 impellit
529 2208 594 2253 eam
616 2195 756 2272 cogitque
779 2191 935 2262 volentem,

234 2273 318 2344 Quod
342 2273 434 2354 juvat,
456 2276 565 2335 invitae
588 2292 678 2352 saepe
700 2276 818 2336 dedisse
842 2277 955 2345 volunt;

190 2358 350 2420 Eiuvibus
373 2360 464 2420 castri
486 2361 643 2421 memorati
664 2359 776 2439 pellere
800 2361 830 2419 ni
854 2363 881 2420 vi
1110 2372 1161 2422 tun

233 2444 292 2505 Pro
314 2441 409 2522 spolio
432 2441 484 2504 tali
507 2444 675 2523 prosiluere
698 2447 760 2504 citi.

191 2527 317 2589 Obstant
339 2527 469 2593 Troiani.
493 2528 613 2603 lugiunt
633 2528 664 2587 hi
687 2535 785 2605 strage
808 2531 912 2599 coacti,

234 2611 337 2672 Cetera
361 2610 448 2670 turba
471 2619 570 2685 ruunt,
594 2609 822 2691 vel·eapiuntur
845 2611 899 2672 ibi.

189 2694 272 2755 Fauo
294 2693 446 2773 praedatu,
471 2712 537 2754 eum
562 2695 603 2755 nil
625 2713 784 2772 superesse
805 2696 931 2764 videtur,

233 2778 327 2839 Nauta
351 2777 415 2838 salo
439 2777 526 2847 cedit,
549 2778 582 2840 itt
602 2779 681 2856 iuga,
705 2779 817 2859 praedo
840 2780 928 2840 redit.
1111 2791 1161 2840 705
1238 2767 1240 2774 ⁴

257 3013 315 3067 679.
334 3012 426 3064 Ovidii
443 3014 522 3068 Rem.
540 3015 598 3067 Am.
616 3016 676 3065 516.
762 3014 820 3065 681.
840 3013 890 3063 Ov.
909 3016 998 3065 Amor.
1016 3014 1053 3077 II,
1072 3017 1099 3078 2,
1118 3017 1165 3066 28.

309 3080 377 3141 Quis
394 3082 484 3132 minor
502 3086 545 3133 est
563 3086 663 3141 autem,
683 3096 765 3146 quam
784 3082 917 3147 tacuisse,
936 3080 1024 3137 leber.

189 3149 248 3202 687.
267 3147 335 3200 uod,
354 3149 409 3199 vul.
479 3151 538 3201 688.
558 3151 600 3200 89.
618 3148 668 3202 Ov.
687 3148 739 3197 Ars
757 3149 778 3209 1,
796 3148 855 3201 665.
874 3150 899 3212 6,
918 3148 980 3199 ubiz

374 3216 525 3284 Pugnando
544 3217 621 3269 vinei
639 3214 687 3265 sed
704 3219 797 3264 tamen
814 3215 865 3265 illa
882 3215 966 3278 volet,

190 3285 247 3334 692.
267 3299 315 3349 pro
333 3283 392 3334 cod.
410 3288 558 3349 patratum.
611 3284 670 3333 694.
682 3281 750 3332 Ood.
769 3282 865 3345 fatum,
883 3284 958 3347 Virg.
972 3285 1043 3334 Aen.
1056 3283 1094 3347 11,
1107 3286 1162 3335 265

340 3351 479 3401 Invadunt
495 3350 591 3401 urbem
610 3364 705 3399 somno
722 3350 843 3414 vinoque
861 3351 1006 3416 sepultam.

188 3419 248 3473 699.
267 3418 318 3468 Ov.
336 3418 389 3467 Ars
407 3419 428 3479 1,
448 3420 508 3473 674.
