2509 3917
159 140 200 205 78
464 141 526 194 cia.
543 141 596 192 111.
632 156 658 191 v.
677 110 836 191 eea-ems

158 294 221 355 Hos
242 294 331 354 etiam
353 293 482 354 subiisse
505 293 599 354 refert
621 292 751 353 tentoria
773 290 875 359 Rhesi,

203 378 298 450 Quem
322 379 483 458 perimunt.
507 376 618 456 praeda
641 393 697 436 nec
719 373 846 437 rediisse
870 375 942 447 ievi;

159 462 220 523 Hos
242 463 376 540 rapuisse
398 458 496 531 simul,
520 478 596 540 quos
617 458 700 520 nulia
721 461 823 538 perire
845 462 950 538 sagitta

201 546 314 613 Posset,
339 545 505 624 nubigenas
527 544 575 606 bic
597 544 773 605 memoravit
795 562 898 623 equos.
927 580 932 585 -

159 630 344 692 Crediderim
367 632 412 691 sic
434 629 563 690 dicentii
585 630 654 707 quis
677 625 758 689 nube
780 636 897 689 creatos
934 624 942 632 ’

201 717 224 775 Δ
245 716 344 793 primo
369 714 472 775 mundi
495 722 632 792 tempore
653 710 729 773 vidit
750 713 862 790 equos?

63 820 66 825 ·
158 799 225 860 Nun
247 800 356 860 miror!
379 797 493 878 majora
516 808 615 858 movet
636 795 792 858 mendacia
814 795 904 867 bello,

201 883 252 944 lati
274 901 364 963 quum
388 883 463 942 duos
488 889 590 942 narret
611 880 718 942 adesse
741 879 830 951 deos;

158 967 217 1029 Pro
240 967 341 1028 Pelide
364 966 468 1027 Thetis
490 982 545 1042 pro
568 966 693 1027 Graecis
714 963 788 1024 iuno
810 965 919 1024 fatetur

201 1051 238 1111 Et
259 1050 338 1130 quod
360 1068 416 1129 pro
438 1050 546 1111 Paride
568 1052 697 1111 moverit
719 1066 800 1110 arma
824 1046 961 1109 Venus.'

158 1135 319 1197 Praeterea
342 1143 426 1195 recto
448 1152 507 1195 non
529 1135 640 1194 cecinit
662 1133 766 1194 ordine
789 1130 910 1202 bellum,

200 1221 259 1280 hut
280 1236 296 1278 a
319 1216 474 1286 militibus,
498 1220 549 1297 qui
571 1217 719 1285 cecidere,
743 1215 863 1293 quibus.

159 1303 241 1364 Hanc
264 1319 383 1382 quoque
406 1305 561 1363 materiam
583 1302 725 1380 figmenta
748 1303 864 1379 poetica
886 1300 1010 1370 nebant,

201 1386 287 1449 Sicut
310 1388 452 1465 Virgilius
473 1404 556 1447 arma
578 1391 737 1464 virumque
760 1402 880 1445 canens.

158 1472 216 1533 Sed
240 1470 362 1551 Phrygii
384 1479 467 1531 tenet
488 1470 643 1543 historiam
667 1468 745 1529 iiber
766 1472 823 1529 iste
845 1467 962 1529 Daretis

200 1556 256 1628 Qui
278 1563 398 1634 praeter
422 1572 525 1615 verum
547 1556 698 1632 scriptitat
718 1552 789 1615 inde
811 1552 895 1614 nihil.

156 1639 243 1700 Hunc
265 1657 385 1718 sequor,
409 1638 550 1716 adjiciens
572 1637 726 1699 interdum
747 1636 838 1697 verba
860 1639 1003 1707 virorum,

199 1720 317 1791 Quaeve
341 1720 538 1801 loquebantur
561 1723 606 1783 rei
627 1730 755 1801 potuere
778 1719 868 1801 ioqui.

156 1807 287 1867 Ponatur
309 1807 389 1884 quod
412 1818 442 1866 et
464 1807 495 1867 bi
517 1823 578 1867 nou
600 1808 663 1867 sint
684 1824 719 1866 ea
742 1806 820 1866 forte
842 1806 944 1873 locuti,
1005 1850 1008 1855 »

199 1891 310 1953 Causae
332 1892 499 1970 praesentis
520 1899 589 1951 sunt
610 1899 710 1951 tamen
734 1897 801 1970 apta
824 1892 878 1950 rei.

244 2037 369 2091 VERBA
386 2037 509 2092 ULIXIS
527 2036 576 2090 ΕΤ
594 2036 655 2090 SUI
673 2035 769 2091 soon
786 2033 836 2089 AD
853 2035 1038 2094 PRIAMUM.

155 2142 270 2202 latrant
292 2143 328 2203 ad
350 2140 501 2203 Priamum
523 2143 596 2201 sccii
620 2140 689 2212 duo,
713 2148 811 2201 servat
833 2139 936 2201 Ulixes
1077 2152 1130 2200 245

198 2226 332 2288 Stemata
357 2225 526 2294 verborum,
550 2225 641 2286 rerba
663 2233 763 2285 notata
787 2242 919 2285 movens.

156 2311 180 2372 0
203 2313 345 2390 princeps
366 2308 510 2387 Trojano!
534 2316 600 2370 tuas
622 2327 678 2370 nus
700 2309 791 2370 mittit
812 2308 849 2369 ad
871 2327 958 2369 aures

199 2396 382 2456 Graecorum
407 2394 524 2462 ductor,
548 2391 612 2472 ejus
635 2393 673 2454 ab
697 2411 749 2453 ore
772 2392 887 2472 loquor.

156 2479 219 2539 Rex
241 2480 332 2540 bone!
355 2479 381 2538 si
402 2480 523 2557 sapiens
546 2496 588 2547 es,
610 2480 690 2538 sicut
711 2478 788 2538 tama
811 2477 929 2544 fatetur,

197 2563 263 2625 Non
286 2570 331 2623 est
354 2561 483 2623 bellandi
505 2563 633 2623 maxima
654 2580 727 2623 cura
750 2559 817 2621 tibi!
1077 2573 1131 2620 eoo

158 2646 274 2707 Suiiicit
295 2648 327 2706 in
352 2663 476 2723 magna:
499 2645 632 2706 medium
654 2652 779 2706 tenuere
802 2643 889 2714 beati,

198 2730 379 2809 Praecipites
402 2729 510 2791 ducum
534 2747 622 2808 saepe
646 2728 741 2790 tulere
764 2728 853 2789 diem.

222 2878 281 2932 225.
301 2878 436 2930 rubuisse.
472 2878 604 2930 Narratio
622 2880 657 2929 de
671 2878 764 2931 Rheso
783 2877 900 2943 ejusque
919 2881 997 2945 equis
1015 2880 1128 2932 invent-

155 2949 200 2994 tur
218 2945 290 3009 apud
307 2946 490 3010 Epitomator.
507 2963 533 2996 v.
553 2949 602 2998 tao
614 2961 674 3012 sqq.
731 2949 790 2997 232.
809 2946 907 2997 meiius
925 2949 1046 2998 fortasse

355 3014 403 3064 Illi
422 3029 505 3079 quum
521 3013 600 3064 divos
618 3018 715 3063 narret
732 3014 831 3064 adesse
848 3013 917 3064 duos

120 3114 122 3116 -
153 3080 213 3129 249.
232 3094 262 3129 es
279 3082 413 3145 marginis
430 3096 480 3146 pro
498 3081 602 3132 codicis
625 3078 694 3143 ejus.
781 3083 840 3132 261.
858 3081 931 3134 med.
954 3089 1011 3133 ten.
1035 3083 1125 3134 beati.

152 3146 231 3196 Haec
260 3149 416 3209 renuntia,
442 3156 505 3212 qua,
527 3153 622 3201 noster
650 3148 767 3213 primum
796 3163 862 3200 usus
892 3149 979 3200 fuisse
1006 3150 1128 3212 ridetur,

153 3214 364 3265 transformatio
377 3215 458 3266 Orid.
471 3214 581 3265 Metam.
593 3215 630 3276 11,
646 3217 693 3265 137
712 3216 803 3266 medio
821 3216 977 3267 tuhsaimus
995 3218 1052 3268 ibis
1065 3225 1125 3281 est3

152 3281 294 3333 invenitur
313 3282 358 3332 ina
376 3282 526 3347 aphorismi
540 3286 568 3331 et
581 3282 720 3332 axiomata
732 3282 849 3335 selecta.
867 3284 980 3335 Altdorf
991 3286 1067 3337 1745.
1080 3288 1124 3335 49.

152 3350 211 3399 252.
230 3347 328 3401 Setiae.
346 3349 442 3415 Agam.
461 3351 493 3399 il
512 3349 687 3415 Praecipites
705 3365 800 3415 regum
819 3365 901 3401 casua

558 3419 682 3469 Fortuna
701 3418 787 3468 volat.
