2509 3917
164 190 207 256 28
488 189 550 240 nio.
569 190 590 243 1.
624 204 651 239 v.
670 189 813 239 exe-scr.

109 345 113 350 ’
166 344 303 423 Augebat
324 360 482 404 numerum
505 341 602 403 dulcis
624 342 756 402 mixtura
773 341 921 420 urorum,

210 427 268 499 Qui
290 427 327 489 de
350 427 506 488 Paconieis
527 426 674 488 introiere
695 424 780 495 loeis,

167 516 206 577 Et
228 532 282 593 per
304 511 505 574 Alexandrum
529 519 599 571 suot
621 509 869 590 Deiphobumque
893 508 989 569 vocati

210 596 333 662 Consilii
354 597 496 676 prompti,
520 596 695 656 strenuitate
718 592 815 675 probi.

168 684 261 746 Totus
283 682 319 744 ad
342 700 423 743 arma
446 680 525 742 uolat
546 681 704 749 exercitus,
728 696 810 739 arma
832 686 946 740 vetusta

209 767 359 837 Purlurat,
382 773 416 827 ut
437 767 567 834 niteant;
591 764 621 823 in
644 763 802 840 dumisque
824 762 941 842 prohat.

170 851 315 914 Omnibus
336 869 396 911 una
418 851 512 929 quies,
536 866 661 927 operum
684 846 770 909 labor
792 846 933 908 omnibus
954 862 1040 916 unus,

212 936 348 998 Dedecus
369 935 482 1004 ulcisci,
506 934 625 995 vincere
648 932 709 992 sive
731 934 819 992 mori.
958 959 960 964 .

168 1021 233 1082 Rex
254 1018 391 1080 Paridem
415 1018 560 1096 praelecit
583 1019 627 1078 eis
651 1015 799 1096 dixitque:
822 1032 967 1085 sororem,

211 1104 293 1167 Litus
315 1110 348 1163 nt
369 1103 512 1180 attigeris,
536 1104 636 1180 primo
658 1103 781 1181 require
804 1118 911 1161 meam.

170 1187 254 1249 Tolle
276 1186 464 1268 requisitam,
487 1186 512 1245 si
534 1184 673 1256 reddunt,
697 1185 793 1265 adjice
816 1185 892 1246 lacta

212 1273 245 1332 ln
267 1290 322 1332 nos
344 1269 517 1349 obprobria,
541 1271 566 1331 si
588 1272 705 1332 variare
726 1270 826 1331 velint.

169 1357 202 1418 Si
223 1357 338 1418 variare
360 1354 514 1415 volunt'et
534 1361 706 1415 restaurare
729 1352 858 1434 puellam

213 1440 337 1503 Caetera
358 1442 499 1508 sustineo,
522 1440 605 1517 pacis
627 1447 742 1500 amator
766 1457 827 1499 ero.

168 1526 201 1588 Si
223 1527 331 1596 minus,
354 1524 412 1586 hoc
434 1531 554 1585 nostrae
576 1523 689 1585 relerat
710 1525 771 1584 cito
794 1524 917 1584 nuntius
939 1524 1021 1590 auri,

212 1611 325 1672 Mittam
348 1628 416 1671 cum
438 1607 553 1669 ratibus
576 1626 659 1669 arma
681 1609 820 1687 virosque
842 1606 908 1667 tihi.

173 1691 231 1755 Dat
253 1693 353 1754 Paridi
376 1692 510 1754 Priamus
532 1689 669 1753 Aeneam
693 1689 914 1772 Pygmalionem

213 1778 372 1839 Consortes
394 1782 516 1853 coeptae
538 1772 787 1853 Deiphobumque
810 1777 883 1837 viae.

170 1863 261 1924 Grata
283 1861 315 1921 lit
337 1877 411 1922 aura
433 1859 520 1928 lreto,
545 1858 724 1921 subducitur
745 1877 855 1921 ancora
877 1859 970 1920 lnndo

213 1944 376 2006 Natnavis
397 1945 427 2003 iu
450 1943 554 2023 pelago
578 1943 639 2004 vela
662 1943 788 2005 vehente
811 1943 911 2005 notho.

170 2029 266 2090 Nanta
289 2027 437 2106 gubernat
458 2031 516 2089 iter
537 2030 706 2097 Antenoris,
729 2027 779 2089 ille
802 2031 933 2089 marinas

213 2113 341 2174 Noverat
363 2130 398 2172 ex
420 2130 477 2172 usn
499 2110 646 2174 velificare
668 2114 739 2174 rias.

357 2292 429 2347 .ch
446 2291 552 2347 Peme
570 2291 687 2347 VENI'P
705 2292 755 2346 AD
773 2292 934 2347 PORTUM.
1033 2293 1037 2297 ”

173 2415 312 2477 Nondum
336 2415 525 2493 contigerant
546 2414 715 2493 Cytheram,
739 2416 782 2475 sic
804 2414 901 2477 insula
923 2415 1000 2478 dicta

213 2499 276 2569 Est,
300 2506 329 2558 et
351 2515 459 2559 nomen
482 2495 534 2558 ab:
558 2518 585 2568 o,
610 2517 627 2558 o
651 2498 794 2577 Cytherea
816 2507 907 2561 tenet.

171 2583 311 2645 Decurrit
331 2582 431 2641 Paridi
452 2582 613 2656 Menelaus,
637 2589 752 2660 spectat
774 2590 904 2655 euntem,

211 2666 346 2735 Miratur,
370 2667 418 2725 eui
440 2666 477 2726 sit
499 2663 650 2736 deliciosa,
675 2674 780 2728 ratem.
1087 2677 1146 2730 545

170 2750 301 2830 Dhlique
323 2767 355 2810 se
377 2750 545 2826 respiciunt
567 2768 623 2811 nec
646 2761 752 2812 neuter
775 2770 879 2813 eorum

212 2834 265 2895 Est
287 2831 336 2894 alii
358 2833 440 2894 niens
462 2840 563 2896 mutua
587 2835 676 2897 verba
699 2834 782 2913 loqui

237 3003 296 3054 519.
313 3002 467 3053 Maximinn
484 2998 506 3066 Ι,
524 3004 558 3054 29

310 3069 441 3136 Angebat
458 3071 584 3121 meritum
603 3070 693 3121 dulcis
711 3070 831 3121 mixture
848 3072 990 3127 honorum.

168 3140 226 3190 525.
244 3137 356 3190 Maxim.
374 3138 422 3202 VI,
441 3139 457 3189 5

280 3204 415 3257 Omnibus
434 3210 478 3257 est
497 3205 594 3257 eedem
612 3204 664 3255 leti
680 3205 741 3267 vie3
759 3220 814 3256 non
832 3208 926 3257 temen
944 3220 1016 3259 unus

313 3274 366 3328 Est
383 3273 458 3323 ritae
478 3273 588 3324 cunctis
607 3272 740 3337 exiliique
757 3272 857 3324 modis.

167 3342 230 3393 538..
246 3340 306 3395 cod.
318 3340 390 3391 vole.
444 3341 502 3391 542.
521 3339 587 3391 (lod.
606 3354 706 3390 nomen
724 3340 759 3390 eh
778 3340 920 3391 oehieree
933 3345 1023 3392 tenes.
1037 3340 1146 3406 storga

169 3423 185 3458 o
204 3408 333 3459 chitoree
344 3407 447 3459 Venus.
487 3409 546 3459 544.
565 3410 676 3458 euntem
689 3421 723 3458 ex
734 3409 860 3473 margine
873 3423 924 3472 pro
937 3407 1042 3460 codicis
1055 3423 1146 3473 „enn-

168 3474 250 3528 dern“
269 3478 346 3526 recte
365 3476 439 3525 enim
456 3489 552 3541 mergo
571 3478 703 3538 „euntem
722 3480 752 3525 et
768 3491 824 3527 non
841 3475 1068 3528 subsistentem⁴‘.
