2509 3917
1036 215 1055 278 t

93 367 264 430 assumserit
279 374 308 427 et
323 363 489 443 subjungit:
514 375 677 444 „certeque
694 374 773 429 etc.“
796 366 956 430 haerebam
978 376 1053 430 tern-

28 483 29 494 κ
96 471 164 534 pore
193 452 281 530 longo
308 448 455 529 pendulus
485 458 514 511 et
540 450 649 512 dubius
675 469 733 530 quo
756 453 855 531 potins
876 470 1002 514 nurnero
1025 462 1056 516 et

96 544 185 598 metro
200 554 249 598 res
272 554 305 597 ea
329 553 382 596 scu
404 537 529 596 materia
552 538 702 605 transiret,
725 537 852 597 maxime
875 555 942 598 cum
965 554 1054 617 qnae·

96 620 163 683 lihet
189 639 263 683 nove
293 639 343 682 res
376 627 501 699 propter
534 620 650 681 invidos
677 629 810 683 transeat
838 621 998 684 difficulter
1026 631 1057 684 et

28 783 29 786 Ἴ
96 707 334 871 οιίαἳᾞ4]ρτορῑεν
371 704 444 767 alios
474 705 638 774 auditores,
673 707 752 767 unde
780 706 921 768 Horatius
949 704 998 789 [Α.
1020 708 1054 769 Ρ.

28 843 30 848 .
94 809 117 854 v.
443 819 444 822 ¹

153 874 389 954 Legitimumque
412 892 517 936 sonum
540 874 640 953 digitis
662 873 804 936 callemus
827 884 856 936 et
878 894 951 937 anre
960 873 980 956 ¹)

28 1005 29 1010 η
95 968 123 1021 et
142 959 226 1039 paulo
250 966 319 1024 ante
342 956 382 1040 [v.
407 955 476 1019 104.
504 955 578 1039 105]

28 1069 30 1104 t
531 1041 608 1104 mala
630 1046 654 1104 si
676 1044 814 1105 mandate
836 1044 969 1122 loqueris

154 1129 212 1189 Aut
233 1126 411 1198 dormitabo,
435 1134 485 1188 ant
506 1126 621 1188 ridebo.
1001 1151 1003 1156 ’

28 1255 29 1266 ,
173 1212 208 1274 Et
230 1212 289 1274 hoc
312 1230 431 1292 quoque
455 1214 548 1289 tangit
571 1220 675 1273 auctor
704 1213 734 1273 in
758 1215 986 1291 proemiorum
1010 1214 1053 1274 di-

28 1299 29 1376 }
92 1299 144 1357 eit:
173 1305 222 1368 „et
252 1314 370 1377 semper
398 1314 473 1358 nova
495 1314 544 1357 res
567 1298 661 1375 tangit
683 1303 712 1357 et
734 1298 850 1358 invidos
872 1301 924 1378 qni
947 1306 1054 1361 cuncta

93 1399 164 1460 quae
190 1382 318 1443 andiunt
344 1389 394 1443 aut
415 1380 614 1452 subsannant,
644 1389 694 1442 aut
717 1383 907 1461 supprimunt
930 1391 980 1444 aut
1002 1382 1054 1443 de·
1164 1451 1167 1455 ,

28 1533 29 1538 1
94 1474 225 1544 prevent:
250 1467 324 1528 dicit
346 1484 468 1546 nemum
496 1466 571 1527 livor
593 1468 673 1528 iners
696 1472 752 1526 etc.
796 1466 910 1527 Deinde
933 1473 1055 1527 excuset

28 1565 30 1572 ’
95 1568 125 1610 se
153 1551 188 1612 de
216 1559 316 1613 metro
344 1554 406 1612 sive
433 1557 620 1630 pentametro
648 1550 765 1620 dicens,
802 1549 880 1628 qnod
903 1550 956 1611 tali
978 1550 1057 1629 pede

28 1677 29 1688 ,
94 1637 193 1696 merito
216 1633 312 1697 scribi
334 1635 463 1698 debeant
484 1633 558 1696 tales
581 1636 719 1697 miserias
740 1636 780 1695 ite
805 1633 1002 1695 concludens:

486 1727 569 1798 gesta
592 1721 759 1781 miserrima
782 1718 882 1779 scribo

151 1803 186 1864 Et
207 1811 324 1882 strages
346 1806 471 1866 miseras
494 1812 550 1865 etc.

92 1938 290 1949 Ἢ

28 2073 30 2082 .
112 2078 114 2081 Α
156 2004 183 2071 1)
200 2010 308 2059 nosterz
328 2022 419 2062 eures.
