2509 3917
442 221 506 276 Lib.
523 223 545 276 Ι.
575 238 600 273 v.
619 224 728 275 tta—87.

228 337 231 342 ⁴
321 367 462 423 runem
479 369 662 434 ouanoan
679 372 859 428 FABULAM.

99 492 251 570 Vipereos
274 490 378 551 dentes
399 493 430 552 in
453 491 576 552 humum
599 511 655 570 pro
678 494 789 554 semine
812 497 916 568 iactos,

146 574 185 635 Et
207 573 305 635 subito
328 582 413 636 natos
436 594 516 637 arma
539 574 642 638 tulisse
665 580 758 638 viros:
1039 594 1072 642 60

100 659 286 736 Terrigenas
308 659 444 739 populos,
468 660 548 721 civili
571 661 664 722 Marte
686 672 870 744 peremptos,

146 743 228 804 Ense
249 744 300 822 qni
323 746 442 806 strictas
464 763 646 806 conseruere
669 765 784 817 manus,

100 826 227 887 Medeae
249 829 354 898 studio,
378 828 479 889 credat
500 829 609 891 ludens
632 829 747 910 Apella3

147 911 215 972 Non
238 929 293 991 ego
316 914 383 974 licta
407 914 536 994 quidem,
559 932 618 974 non
643 933 676 974 oa
699 914 774 977 lacta
798 917 870 977 scio.

9 1043 11 1062 .
101 994 162 1056 Sed
187 998 211 1056 si
233 996 353 1058 Medeae
375 1001 476 1076 rapuit
496 999 641 1059 tutamine
662 997 769 1078 pellem
1036 1013 1070 1062 65

9 1127 10 1160 r
146 1079 201 1140 Vel
223 1081 351 1160 propriis
374 1091 488 1143 tantum
511 1082 635 1154 viribus,
658 1086 722 1161 ipse
744 1086 828 1145 sciat.

9 1175 11 1180 ’
88 1164 191 1224 Υ,Ηειῐιο
212 1169 312 1244 rapuit
335 1166 396 1237 sed,
421 1186 454 1229 ea
478 1183 656 1247 quocunque
679 1167 734 1229 sub
757 1170 855 1231 omine
877 1178 972 1250 rapta,

148 1249 222 1310 Cum
243 1249 354 1329 praeda
380 1251 468 1312 rediit
490 1255 629 1331 protinus
651 1251 701 1313 ille
724 1272 787 1314 sua.

248 1413 452 1469 LAOMEDON
470 1415 546 1470 CUM
563 1415 925 1473 Mnbrtsoccmluun.

9 1557 11 1562 ’
101 1536 220 1598 Acriter
241 1535 418 1597 Herculeam
440 1537 594 1599 succendit
615 1538 707 1598 laesio
731 1547 860 1599 mentem

147 1620 249 1681 Pridie
272 1638 338 1681 cum
362 1625 445 1682 socio
467 1623 576 1683 Jasone
598 1622 674 1682 iacta
697 1624 770 1691 viro,
1037 1634 1070 1683 το

9 1759 11 1786 λ
103 1704 231 1776 Quando
254 1707 316 1765 suis
337 1706 391 1765 hos
413 1706 581 1767 Laomedon
605 1707 712 1766 effudit·
732 1705 768 1766 ab
792 1708 854 1768 oris

10 1837 11 1844 ,
152 1788 270 1850 Pelleus
293 1789 442 1851 advectam
465 1809 524 1850 non
548 1794 613 1850 sine
637 1808 710 1868 pace
733 1798 836 1853 ratem.

10 1879 11 1886 ’
103 1873 201 1934 Haros
222 1874 365 1945 incendit,
389 1884 422 1934 ut
444 1893 506 1936 rem
531 1874 662 1935 declaret
684 1877 795 1946 amicis,

150 1956 231 2027 Quos
253 1964 336 2036 putat
358 1956 528 2036 obprobriis
550 1958 740 2021 condoluisse
762 1961 833 2021 suis.

9 2067 11 2084 ι
104 2041 287 2119 Aggreditur
309 2052 507 2121 properanter
530 2062 582 2104 eos
606 2043 775 2123 ubicunque
797 2054 952 2106 morantur
1037 2056 1069 2105 75

148 2126 310 2205 Exponens
334 2129 425 2187 animi
447 2126 559 2188 fervida
582 2135 647 2189 rota
671 2129 726 2190 sui.
1096 2134 1098 2136 ’

105 2210 244 2289 Spartam
265 2212 410 2290 pervenit,
432 2211 537 2272 Pollux
560 2219 590 2273 et
612 2213 716 2273 Castor
739 2213 835 2274 eidem

148 2294 187 2355 Se
209 2293 355 2373 praebent
376 2303 406 2356 et
427 2314 502 2375 opus
524 2295 666 2357 auxiliare
689 2304 804 2357 vovent.

105 2378 149 2440 Ad
172 2378 272 2441 Phtias
294 2380 438 2440 convertit
459 2383 525 2451 iter,
547 2379 729 2460 Pelenmque
751 2382 889 2461 requirit,

150 2463 207 2534 Qui
229 2461 315 2525 miles
336 2464 461 2525 validam
485 2465 611 2543 spondet
633 2466 748 2543 etipse
769 2482 900 2527 manum.
1036 2475 1070 2525 80

105 2545 198 2617 Fecit,
224 2556 252 2608 et
274 2547 344 2609 hinc
365 2549 433 2609 navi
454 2552 535 2610 veuit
558 2551 646 2610 etiam
670 2550 700 2609 in
723 2548 901 2610 Salaminam
953 2593 955 2596 ψ

150 2630 214 2691 Hoc
236 2632 271 2693 ad
294 2634 479 2712 propositum
502 2632 662 2694 sollicitare
684 2635 789 2694 virum.

106 2714 179 2775 lude
201 2716 306 2794 Pylum
330 2717 425 2779 tendit
446 2735 501 2795 pro
523 2716 657 2789 Nestore,
680 2717 787 2779 Nestor
808 2720 840 2779 in
863 2718 914 2779 illo

148 2799 273 2878 Magnae
297 2801 484 2862 commendat
506 2803 692 2863 strenuitatis
714 2820 799 2881 opus,

9 2933 11 2942 ,
106 2882 253 2945 Auxilium
276 2888 348 2946 totis
370 2888 518 2965 promittit
540 2885 668 2957 viribus;
691 2885 742 2947 ille
1037 2897 1070 2946 85

147 2968 189 3028 Ad
214 2987 267 3030 sna
290 2977 368 3030 tecta
389 2971 468 3032 redit
490 2971 735 3050 propositumque
757 2973 874 3050 premit.

9 3129 10 3136 ἵ
107 3051 270 3131 Praeparat
291 3063 380 3134 atque
402 3066 481 3116 rates
504 3062 550 3115 ter
572 3057 687 3135 quinas,
711 3063 868 3135 praeparat
890 3074 970 3117 arma

173 3256 283 3310 oa-ct.
302 3253 383 3306 Ovio.
401 3256 514 3311 Heroid.
531 3257 578 3316 1v,
596 3257 690 3308 33-5.
759 3258 801 3310 at.
824 3256 905 3310 ovid.
922 3258 989 3312 Her.
1007 3257 1069 3322 XM,

109 3321 156 3371 100
183 3322 261 3372 Inter
284 3337 314 3374 ae
338 3323 452 3374 strictas
476 3339 639 3375 conseruere
661 3338 765 3378 manus,
835 3327 876 3375 71.
897 3325 965 3375 Msc.
984 3325 1068 3375 horis.

107 3388 148 3440 72.
175 3388 286 3453 Margo:
318 3391 384 3454 quia
412 3390 521 3456 pacifici
544 3396 679 3443 venerant
705 3397 797 3441 tamen
824 3408 873 3457 pro
900 3392 973 3455 pelle
996 3393 1071 3443 ituri.

107 3456 149 3508 79.
177 3455 243 3506 Msc.
270 3456 389 3508 Phitina.
413 3459 519 3524 Margo.
541 3464 649 3524 patrem
671 3458 795 3509 Achillis·
864 3460 906 3509 80.
924 3459 992 3509 Mne.
1011 3459 1070 3509 Cui.

9 3559 10 3600 3
106 3523 149 3573 81.
168 3521 277 3591 Margo:
295 3526 343 3577 ubi
360 3527 492 3577 manebat
509 3526 647 3578 Telamon.
