2509 3917
430 195 492 245 Lib.
510 196 532 244 Ι.
567 211 593 245 v.
614 196 755 246 189-223.

102 346 230 408 Addidit
253 355 283 408 et
303 347 417 408 vultum
440 346 550 415 verbis,
573 349 742 425 iterumque
764 348 888 425 rogavit,

152 433 214 492 Iret
235 438 269 492 ut
290 430 325 491 ad
348 434 461 511 patrios
483 441 567 510 rapta
590 430 689 509 puella
712 432 794 492 deos.

105 516 286 578 Auscultans
307 516 414 578 Peleus
436 515 599 594 levipendit
619 515 710 576 verba
732 516 891 594 loquentis,

151 600 190 661 Et
211 618 350 661 sermone
372 600 456 661 brevi
479 600 578 679 coepit
600 607 630 661 et
652 603 716 679 ipse
738 597 829 677 loqui.
913 627 918 642 =

24 731 25 734 ,
104 684 186 754 Quid
209 702 300 764 super
322 684 478 764 Hesyonae
501 702 580 745 nunc
602 684 770 745 redditione
793 683 917 753 solutae,

152 768 233 830 Haec
258 777 301 830 est
324 771 354 830 in
377 776 481 830 nostro
503 776 625 848 pectore
648 788 720 829 cura
743 770 851 829 minor.

24 865 26 870 ’
108 852 142 913 1η
164 855 291 933 patriam
315 860 429 933 petere,
454 863 628 934 nostrasque
652 854 822 933 relinquere
844 852 939 922 sedes,

152 936 269 1008 Dicere,
294 937 372 1014 quod
397 939 484 999 cessit
505 939 562 998 ista
586 938 716 1018 querela,
739 944 834 1015 potes.

107 1020 162 1081 Est
184 1020 270 1082 tellus
293 1030 323 1084 ct
345 1021 422 1083 dicta
446 1023 556 1092 Boetia,
581 1040 657 1102 quae
680 1020 858 1083 Salaminam

24 1109 26 1124 ²
152 1105 306 1177 Continet3
329 1107 461 1168 Antenor
484 1105 559 1168 hanc
583 1113 612 1166 et
635 1106 716 1168 adire
739 1108 845 1168 studet.

105 1189 164 1250 Hic
186 1189 358 1251 Telamonis
379 1199 443 1252 erat
464 1190 616 1267 habitatio,
641 1193 757 1272 quaerit
779 1190 921 1261 eundem;

24 1275 25 1280 ’
151 1274 283 1342 Invenit:
307 1276 427 1336 invento
450 1277 493 1335 sic
516 1275 695 1352 querulosus
718 1279 772 1335 ait:

24 1371 25 1374 ’
106 1358 134 1419 0
158 1358 316 1420 Telamon!
339 1377 410 1421 reor
433 1377 497 1421 esse
520 1362 611 1430 nefas,
636 1361 714 1440 quod
738 1360 796 1420 tilia
818 1362 900 1437 regis

152 1442 213 1503 Hac
237 1444 322 1520 quasi
344 1446 457 1523 captiva
480 1442 648 1506 detineatur
670 1446 773 1507 humo.

106 1526 133 1587 0
157 1524 317 1588 Telamon!
340 1531 405 1605 regi
427 1527 582 1608 spoliatam
605 1528 696 1588 redde
720 1545 864 1594 sororem,

152 1611 288 1673 Dedecus
310 1611 366 1673 hoc
389 1613 515 1692 spolium
540 1612 729 1673 dissimulare
752 1612 866 1673 ducem.

24 1705 26 1734 i
105 1693 138 1755 0*
156 1694 312 1756 Telamon!
334 1699 411 1758 iuste
433 1695 614 1758 reddendam
638 1697 730 1758 redde
753 1694 892 1775 puellam,

151 1778 216 1840 Non
240 1787 284 1841 est
305 1778 415 1842 iniusta
437 1781 546 1862 praeda
570 1780 698 1843 tenenda
721 1781 784 1841 tibi.

106 1862 265 1943 Extemplo
288 1864 376 1926 miles
397 1867 552 1945 respondit
573 1867 608 1926 ad
634 1865 711 1926 istud
736 1872 765 1925 et
786 1865 865 1925 istis:

151 1947 239 2009 Esset
262 1948 298 2008 ad
321 1944 387 2020 hoc,
403 1958 429 2011 ‘o
452 1951 510 2011 vir!
534 1950 693 2011 obticuisse
715 1949 821 2028 pudor.

105 2032 253 2093 Antenor!
279 2034 348 2113 quia
369 2034 427 2095 filia
450 2037 531 2113 regis
553 2031 681 2096 hahetur
704 2033 781 2112 apud
805 2052 869 2104 nos,

149 2115 189 2177 Ut
211 2113 281 2195 pote
303 2120 442 2188 victores,
465 2137 524 2180 non
547 2137 617 2180 reor
639 2138 703 2180 esse
725 2118 817 2179 netas.

24 2245 25 2280 3
105 2201 253 2262 Antenor!
277 2205 303 2262 si
326 2203 491 2264 dissimulet
512 2222 573 2272 rex,
597 2222 692 2265 necne
715 2202 844 2283 puellam

24 2285 26 2300 '
149 2285 209 2346 Pro
231 2287 340 2348 virtute
363 2295 428 2349 mea
451 2287 578 2348 reddere
600 2287 669 2349 nolo
692 2287 799 2348 datam.

24 2387 26 2412 ²
104 2368 254 2431 Antenor!
277 2372 353 2432 iuste
376 2372 546 2451 praedatam
570 2371 680 2450 praedo
703 2370 831 2438 tenebit:

144 2454 224 2533 ⁴'l'am
247 2455 325 2517 bona
349 2464 520 2517 constanter
543 2456 652 2535 praeda
676 2455 802 2516 tenenda
825 2454 891 2514 luit.

24 2591 25 2604 2
104 2538 187 2617 Ergo
210 2538 291 2607 redi;
316 2542 436 2602 rediens
458 2541 496 2601 de
517 2540 628 2602 finibus
651 2559 726 2601 exue
749 2540 885 2606 nostris:

149 2622 217 2683 Non
239 2622 330 2686 habet
352 2627 498 2695 effectum,
523 2624 603 2705 quod
625 2627 721 2702 geris;
745 2642 817 2702 ergo
840 2622 914 2683 redi.
991 2621 993 2628 ’

104 2708 231 2779 Quaerit
251 2707 403 2770 Pollucem
427 2713 494 2770 cum
518 2709 653 2771 Castore:
677 2710 805 2789 deinque
827 2713 965 2787 precatur

147 2791 323 2875 Hesyonem
346 2793 431 2855 reddi
453 2793 635 2871 proficiendo
658 2793 742 2855 nihil.

105 2874 144 2937 Ut
166 2883 252 2955 rapta
275 2885 434 2946 taceamus,
458 2882 509 2947 ait,
533 2878 569 2938 de
591 2880 721 2956 virgine;
744 2886 846 2938 nostra

148 2961 266 3041 Oppida
288 2963 428 3039 fregistis
451 2963 613 3042 diripuistis
636 2981 718 3043 opes,

102 3045 234 3107 Causam
257 3065 317 3107 non
339 3047 443 3109 habuit
464 3047 572 3127 injuria
594 3054 685 3116 tanta,
709 3045 836 3126 puellam

146 3130 284 3202 Reddite,
309 3149 362 3191 rex
384 3131 509 3209 reliqua,
534 3134 592 3193 sint
614 3132 696 3210 quasi
723 3129 813 3200 nulla,
836 3130 912 3191 silet.

101 3214 118 3276 1
137 3216 257 3295 procul,
273 3212 300 3295 i,
326 3215 444 3287 dicunt;
468 3234 527 3277 non
551 3216 670 3278 esttibi
692 3215 763 3277 tibia
787 3216 869 3284 tanti,

1029 439 1078 488 190

1029 861 1077 911 195

1025 1284 1077 1334 200

1025 1706 1076 1757 205

1024 2127 1075 2177 210

1022 2547 1074 2598 215

1022 2971 1075 3020 220

173 3419 235 3471 217.
253 3418 322 3469 Msc.
341 3434 484 3484 perperam
503 3420 636 3482 Nestore,
661 3433 742 3484 quum
760 3417 884 3468 Antenor
901 3434 927 3471 v,
945 3417 995 3466 233
1012 3431 1073 3484 sqq.

100 3484 253 3535 Nestorem
272 3486 443 3554 aggreditur.
478 3488 569 3538 Deres
586 3490 664 3538 reete
683 3486 767 3536 hebet
785 3483 891 3535 Castor.

153 3563 252 3617 Troilus.¹
659 3598 663 3604 ·
853 3569 869 3616 2
