2509 3917
428 258 487 310 oso.
506 260 537 313 v,
568 228 599 311 ’0.
618 259 779 309 soc-1020.

121 411 184 473 Sed
206 410 276 473 lieet
298 413 418 490 egregia
441 412 533 472 iacies
555 418 606 472 tua
629 417 780 488 computat
801 427 906 480 annos,

165 495 250 557 Intus
271 514 324 557 rex
347 493 458 576 aliquid
480 513 607 574 corpore
628 494 725 574 pluris
746 493 847 555 habes.

122 580 254 642 Consilio
276 579 367 659 pollet
389 581 437 641 cui
459 581 516 640 vim
540 587 645 640 natura
669 580 794 657 negavit,
1039 583 1095 635 990

168 664 207 725 Et
228 663 362 743 probitas
385 665 743 742 magnosingeniumque
766 662 843 724 lar-il.

126 749 233 810 Omnia
256 747 406 817 labuntur,
430 748 471 808 nil
493 766 553 809 nou
576 748 702 809 mortale
723 757 860 808 tenemus

169 833 304 894 Pectoris
326 834 459 912 exceptis
481 832 652 909 ingeniique
674 831 770 893 bonis.

123 915 192 977 Non
214 925 265 977 tua
288 920 433 995 tantisper
456 926 501 977 est
522 915 663 977 inclinata
684 924 823 994 potestas,

169 1001 207 1062 Ut
229 1008 320 1081 caput
342 999 466 1063 alterius
488 1018 546 1061 non
570 1000 702 1062 relevare
726 1018 825 1078 queas.
1026 1008 1095 1057 1000

124 1086 201 1146 Sunt
224 1086 336 1163 populi,
360 1094 430 1147 sunt
452 1103 533 1146 arma
557 1085 621 1157 libi,
644 1084 698 1146 tibi
721 1085 804 1164 copia
828 1102 940 1154 rerum,

167 1169 241 1231 'lot‘a
264 1187 319 1230 nec
341 1171 457 1231 interiit
477 1187 609 1250 purpura
635 1169 713 1232 clara
737 1169 854 1231 ducum.

123 1254 201 1316 Sunt
222 1252 286 1324 tibi,
311 1261 379 1314 sunt
400 1253 501 1315 hostes
523 1257 604 1315 lerro
628 1253 769 1334 clavaque
792 1251 941 1324 domandl,

168 1339 257 1418 Spem
281 1340 415 1417 quamvis
438 1345 467 1399 ct
489 1358 552 1399 rem
575 1338 661 1417 plebs
683 1346 772 1415 neget
794 1341 849 1398 ista
872 1337 934 1399 libi.

124 1422 191 1482 Non
213 1421 306 1501 pudet
328 1424 460 1484 Antenor
481 1431 519 1493 te,
544 1424 621 1501 quod
645 1421 790 1483 vexillifer
813 1422 860 1482 his
882 1439 925 1490 es,
1024 1430 1090 1480 1005

168 1505 290 1568 Vertere
313 1508 363 1587 qni
386 1506 506 1587 clypeos
529 1516 558 1567 et
580 1508 652 1568 dare
673 1515 756 1585 terga
779 1505 895 1566 solenti

123 1592 263 1669 Degener
286 1609 327 1657 es,
352 1593 377 1651 si
400 1591 564 1670 degeneres
587 1610 603 1653 a
626 1587 711 1651 more
733 1599 901 1671 parentum,

167 1674 233 1736 Non
257 1694 292 1735 ea
316 1683 486 1737 nostrorum
511 1685 579 1737 sunt
601 1684 792 1737 monumenta
815 1683 943 1754 patrum.

122 1759 219 1820 Immo
243 1758 417 1837 recolligere
441 1759 594 1840 populum,
617 1759 722 1821 sedare
745 1758 902 1821 tumultum

171 1843 280 1913 Debes,
305 1852 335 1904 et
356 1844 469 1924 pavidis
492 1863 544 1905 cor
566 1863 705 1907 recreare
727 1863 847 1906 novum.
1008 1849 1094 1903 '1010

124 1926 187 1988 lllis
211 1928 290 1988 uniri
312 1946 372 1988 non
395 1937 441 1989 est
462 1929 618 1991 manifesta
640 1930 808 2009 phrenesis,

168 2011 329 2073 lntendunt
352 2020 483 2073 nostram
506 2015 557 2092 qui
578 2013 724 2093 jugulare.
737 2015 855 2091 gulam?
958 2055 963 2063 -

125 2096 193 2156 Non
215 2098 260 2157 sic
281 2100 425 2167 Antenor,
447 2115 506 2162 nou
530 2100 587 2165 sio;
612 2098 664 2158 secl
687 2102 801 2159 amicus
823 2100 934 2167 amieis,

167 2180 205 2241 Et
226 2183 326 2241 socius
347 2182 443 2250 sociis,
467 2181 600 2242 hostibus
623 2177 718 2242 hostis
740 2185 811 2243 eris.

124 2264 250 2326 Consilii
272 2265 303 2325 lit
325 2284 440 2326 summa
462 2268 530 2336 inei,
554 2264 632 2345 quod
654 2265 699 2326 vel
722 2284 899 2345 superemur
1028 2276 1092 2325 1015

169 2349 314 2411 Funditus
337 2368 353 2411 a
375 2350 497 2411 Graecis
519 2349 564 2410 vel
587 2366 765 2430 superemus
789 2368 851 2410 eos.

123 2435 183 2493 Aut
204 2434 372 2495 evincamus
395 2444 447 2495 aut
468 2433 679 2495 occumbamus
700 2434 834 2504 honeste,

168 2517 292 2578 Mortem
315 2536 386 2589 uon,
409 2520 498 2578 vitam
520 2519 619 2578 vivere
642 2518 708 2578 dieo
730 2518 817 2578 male.

123 2601 163 2662 Et
184 2603 228 2663 sic
250 2601 427 2673 instimulat,
451 2610 641 2680 veteremque
664 2604 823 2664 resuscitat
844 2603 918 2664 iram

167 2685 315 2764 Principis
336 2687 578 2767 Amphimachus,
602 2686 681 2749 bella
703 2705 823 2748 movere
845 2698 938 2749 ratus.
1026 2700 1093 2750 1000

122 2921 183 2971 995.
202 2920 301 2972 Coton.
320 2920 383 2973 dist.
402 2922 438 2982 ΙΙ,
457 2923 481 2973 9.
544 2924 602 2973 996.
621 2922 672 2977 Or.
690 2923 771 2974 Pont.
788 2923 810 2986 1,
828 2926 852 2984 9,
871 2926 912 2974 39.
931 2926 977 2975 sed
996 2940 1037 2989 pr.
1056 2942 1092 2982 m,

121 2988 141 3042 i.
162 3003 186 3052 q.
204 2987 222 3037 1.
293 2990 351 3042 sot.
369 2990 410 3043 98.
430 2988 480 3043 Or.
498 2989 573 3042 Fari.
591 2990 639 3050 VI,
660 2993 717 3041 771.
738 2991 821 3041 Trisl.
840 2991 892 3054 111,
911 2995 935 3055 t,
952 2995 994 3043 43.
1013 2997 1048 3043 44

162 3071 167 3082 ¹
309 3056 445 3120 Tempora
462 3056 601 3121 labuntur,
620 3058 659 3107 nil
677 3072 733 3108 non
750 3074 784 3106 m.
804 3063 823 3107 t.
843 3064 895 3109 ale.

122 3124 201 3173 1011.
218 3122 282 3173 Juv.
301 3127 387 3188 satyr.
404 3123 477 3186 XIV,
496 3125 544 3176 136

180 3189 246 3241 Cum
265 3191 341 3240 furor
357 3190 432 3240 haud
451 3191 559 3255 dubius,
577 3207 638 3241 oum
656 3193 694 3242 sit
711 3193 858 3243 manifesta
874 3194 1027 3259 phrenesis.

123 3258 199 3308 1018.
217 3257 391 3322 (Moximlan)
408 3258 433 3320 1,
450 3260 500 3309 265

233 3326 321 3376 Morte
340 3325 408 3375 mori
426 3324 534 3391 melius,
554 3340 633 3391 quam
652 3328 739 3379 vitam
757 3327 864 3388 ducere·
875 3329 979 3383 mortis.
