2509 3917
188 836 415 912 Acoussus
441 836 496 912 IN
522 839 734 913 TROILUM
758 839 995 916 MAGISTRI

484 956 702 1032 ALBERTI.

195 1144 229 1204 ln
251 1144 309 1206 hoc
331 1162 424 1224 opere
446 1144 523 1206 sicut
544 1148 575 1206 in
599 1143 733 1222 qualibet
754 1163 787 1206 re
810 1135 996 1227 quaeruntlrr
1018 1149 1075 1208 tria

109 1229 239 1289 scilicet:
274 1228 358 1310 quid,
389 1230 492 1310 quale,
522 1245 627 1306 quare,
659 1229 690 1292 b.
714 1250 740 1291 e.
772 1234 895 1292 materia
923 1232 1017 1293 iorma
1047 1242 1076 1293 11

110 1331 210 1376 causa.
255 1313 377 1375 Materia
405 1313 512 1374 dilllnit
541 1315 611 1393 quid
635 1316 674 1375 sit
699 1332 764 1384 res,
794 1315 888 1376 iorma
910 1316 1006 1397 qualis
1028 1319 1074 1386 sit,

109 1405 141 1459 et
159 1399 304 1483 reposita
320 1407 350 1459 et
372 1396 436 1477 ejus
458 1396 599 1478 qualitate
622 1416 764 1479 expressa
786 1418 904 1461 causam
920 1402 1076 1479 positionis

107 1480 210 1545 statim
233 1490 384 1564 exspectat
405 1484 522 1544 animus
544 1481 700 1545 auditoris.
733 1484 857 1545 Materia
873 1482 961 1562 hujus
977 1486 1076 1563 operis

109 1574 154 1629 est
176 1568 339 1648 'l'rojanum
361 1566 488 1638 bellum,
517 1585 593 1649 quae
623 1586 672 1629 res
700 1570 765 1647 ipsa
793 1569 962 1630 mirandum
986 1569 1077 1629 elficit

15 1721 16 1734 χ
110 1659 141 1715 11
161 1654 321 1715 famosume
361 1652 499 1715 Diffamat
527 1655 607 1714 enim
636 1650 709 1713 illud
732 1653 777 1713 vel
805 1654 929 1715 infamat
951 1654 1073 1715 tortium

15 1753 17 1770 ’
108 1741 287 1810 strenuitas,
315 1737 361 1800 vel
389 1746 421 1800 ut
449 1737 549 1800 verius
576 1737 672 1798 dicam
699 1738 833 1808 fatuitas,
862 1753 979 1816 pugnae
1008 1756 1075 1800 cru·

109 1824 228 1894 delitas,
264 1827 431 1886 occisorum
460 1824 674 1893 numerositas,
711 1823 855 1903 temporis
883 1822 1073 1892 diuturnitas,

107 1908 240 1971 incendii
266 1909 451 1978 immanitas,
482 1926 558 1988 qnae
580 1904 700 1985 singula
730 1914 890 1984 tanguntur
912 1909 944 1968 in
970 1926 1074 1987 opere.

107 1988 396 2072 Primum'tangitur
418 1995 449 2053 in
472 1992 517 2054 11ο
541 1992 635 2061 libro,
658 2009 757 2072 pugna
779 1992 841 2053 111ο
864 1992 959 2054 libro:

174 2078 239 2139 Non
263 2087 328 2139 erat
348 2078 423 2140 haec
445 2094 544 2156 pugna
566 2076 751 2157 pavidorum,
775 2095 844 2139 nam
866 2077 953 2139 simul
977 2095 1071 2146 acres,

216 2162 329 2233 Fortes,
353 2162 481 2223 audaces
501 2162 551 2222 hic
572 2163 697 2241 periisse
721 2160 819 2232 vides;

107 2263 226 2328 pugnae
249 2246 529 2309 1111111111111110
552 2245 646 2308 libro:
950 2315 954 2321 g

171 2332 226 2395 Hic
248 2330 364 2402 rabies,
387 2349 508 2403 rancor,
531 2332 685 2400 fremitus,
709 2329 866 2402 violentia,
889 2330 976 2403 livor,

213 2415 278 2489 Lis,
302 2417 419 2485 odium,
442 2418 557 2487 ierror,
580 2416 725 2494 impetus,
748 2417 808 2486 ira,
832 2417 926 2477 luror.

98 2575 103 2578 ,
193 2500 368 2563 Occisorum
392 2501 590 2562 numerositas
611 2502 644 2561 in
666 2501 724 2561 line
747 2499 818 2563 libri
833 2501 977 2581 tangitur,
1001 2518 1075 2580 quo·

104 2603 175 2646 rum
197 2603 340 2647 numerus
361 2584 398 2647 ab
421 2579 608 2646 audientiBus
631 2584 827 2655 abhorretur,
849 2585 944 2647 habes
966 2604 1074 2665 nempe

171 2668 310 2731 Millesies
332 2670 412 2731 mille
434 2670 609 2750 permixtim
629 2672 762 2751 quinque
785 2678 919 2732 trecenta

15 2811 17 2830 ζ
214 2753 253 2816 Et
275 2754 374 2815 decies
396 2762 464 2816 octo
487 2752 568 2815 milia
591 2772 676 2815 caesa
699 2762 780 2834 puta.

15 2835 17 2918 j
103 2839 263 2920 Temporis
285 2838 473 2918 diuturnitas⁴
486 2839 519 2899 in
541 2838 646 2900 ultimo
668 2838 745 2900 libro
768 2838 899 2919 tangitur
915 2840 978 2900 iere
994 2842 1076 2901 circa

15 2919 17 2998 ἶ
103 2925 291 3007 principium
312 2925 344 2984 in
366 2921 543 3003 allegatione
566 2925 697 2984 Aeneae:

169 3010 236 3070 Jam
258 3006 306 3068 bis
328 3010 430 3085 quinta
452 3005 613 3069 revolvitur
636 3015 741 3078 aestas,

215 3092 300 3163 Quod
323 3093 449 3172 patriam
472 3098 532 3152 tota
555 3092 758 3153 commoluere
781 3091 867 3164 mala,

169 3178 207 3239 Et
228 3175 362 3255 glacialis
384 3177 480 3238 biems
502 3176 692 3257 aquilonibus
713 3185 833 3256 asperat
857 3176 955 3240 undas

213 3263 279 3323 Jam
302 3262 403 3322 decios
424 3278 543 3339 pugnae
565 3279 622 3323 neo
644 3261 809 3323 numerabo
831 3262 921 3324 vices

99 3346 240 3411 incendii
261 3346 429 3408 immanitas
450 3348 531 3407 circa
552 3347 641 3408 linem
665 3345 735 3407 libri
757 3347 907 3425 tangitur:

169 3433 251 3495 Gens
272 3433 378 3491 victrix
402 3430 520 3492 tandem
543 3429 673 3491 Vulcano
696 3429 834 3493 lulminat
855 3430 971 3502 urbem,
1071 3434 1073 3444 '

212 3515 307 3578 Nemo
331 3522 390 3577 tam
414 3514 504 3576 latum
526 3514 600 3576 vidit
621 3517 652 3574 in
674 3515 748 3577 orbe
769 3515 888 3586 locum;

832 3615 870 3667 1*
