2509 3917
157 234 218 300 138
475 234 536 285 Lib.
555 234 588 283 V.
618 248 645 283 v.
666 235 807 284 tea-223.

156 388 220 450 Non
244 386 334 447 latum
357 385 456 464 gladio
479 385 557 448 latus
578 384 781 464 imperterrita
803 386 905 463 cingit,

197 471 316 533 Casside
338 470 486 531 llammata
509 470 605 531 munit
627 479 657 529 et
678 468 727 529 illa
750 478 848 548 caput.

159 556 251 617 Exilit
272 563 394 622 armata,
415 555 524 635 probat
545 571 645 615 armos
667 562 696 613 et
718 553 825 632 probat
847 569 938 620 arma,
1075 560 1128 608 195

197 643 240 701 lio
264 639 329 700 iore
350 638 515 700 concordes
537 656 637 699 armus
660 648 690 699 et
711 656 792 700 arma
815 635 915 702 velint,

157 723 210 784 Est
232 723 284 785 ubi
308 724 426 800 cuspis?
448 725 496 794 ait,
521 731 548 783 et
572 739 637 782 eam
660 740 766 782 manus
787 722 878 782 eliera
901 719 1015 801 pendit,

160 877 164 882 ⁴
198 808 247 870 Sic
268 807 335 868 salit
356 809 387 867 iu
411 816 525 868 vastum
547 807 632 882 virgo
654 807 747 868 virilis
771 824 895 885 equum:

157 893 347 954 Fulmineum
370 892 505 971 clypeum
528 890 615 951 lateri
638 890 715 951 locat
736 889 787 950 illa
808 892 943 955 sinistro,

200 976 300 1039 Calcat
321 975 520 1053 flammigeras
542 974 614 1036 tibia
639 973 724 1034 docta
748 982 871 1053 strepas.
1075 981 1130 1029 200

160 1059 264 1122 Calcar
287 1077 396 1139 equum
420 1062 533 1137 pungit,
556 1058 591 1119 ad
615 1058 711 1118 sidera
735 1059 836 1119 lancea
859 1059 965 1134 surgit,

197 1145 234 1205 tt
254 1154 371 1223 portam
395 1142 508 1204 validus
530 1144 744 1222 praecipitatur
767 1160 873 1223 equus.

159 1227 304 1306 Cornipes
325 1230 355 1288 in
377 1226 517 1307 phaleris,
541 1226 716 1288 muliercula
739 1226 850 1303 gaudet
871 1227 900 1286 in
924 1226 1026 1295 armis,

200 1311 431 1390 Quadrupedum
455 1312 564 1390 plantis
586 1310 682 1389 ampla
704 1311 802 1390 platea
826 1312 947 1388 strepit:

154 1394 276 1457 Casside
297 1395 482 1465 flammescit,
505 1395 628 1475 phalera
652 1397 748 1465 micat,
772 1413 844 1456 ense
867 1402 1020 1462 coruscat;
1074 1403 1128 1451 205

198 1480 276 1541 Huic
299 1489 370 1541 sunt
390 1498 458 1540 saxa
481 1478 606 1557 glomus,
631 1478 688 1540 tela
711 1497 842 1558 veruque
865 1476 957 1544 colos,

155 1564 233 1625 Huic
256 1565 377 1644 clypeus
398 1562 552 1643 speculum
575 1564 681 1630 luerat,
705 1564 856 1641 caesisque
878 1563 1045 1632 teristrum,

198 1648 321 1709 Scotum
343 1648 506 1727 girgillum,
529 1647 632 1708 lancea
655 1646 777 1723 supplet,
795 1664 890 1707 acum.

155 1730 240 1791 Ensis
263 1733 289 1791 ei
311 1733 410 1792 lusum
433 1739 631 1797 converterat,
655 1748 742 1792 arcus
765 1730 916 1798 ambrum:

198 1813 350 1875 Aemiliam
372 1814 522 1894 pharetra,
546 1816 625 1876 clava
650 1815 760 1876 monile
782 1815 864 1876 lacit·
1074 1826 1129 1874 210

157 1898 182 1959 E
204 1907 290 1975 porta
313 1899 438 1960 volitans
461 1901 538 1977 gerit
560 1897 618 1960 alto
641 1900 731 1959 corde
753 1898 869 1959 leonem

198 1981 297 2060 Seque
319 1986 403 2061 sequi
425 1991 553 2044 turmam
576 1984 722 2063 praecipit
742 1982 793 2043 illa
815 1982 973 2061 Phrygem.

157 2065 240 2126 Hanc
262 2067 341 2125 acies
361 2069 497 2144 seqnitur
519 2066 675 2135 imberbis,
698 2085 765 2128 curn
789 2075 857 2128 cute
880 2065 989 2127 barbas

198 2148 314 2209 Radere
337 2148 530 2228 Grajugenas,
553 2169 623 2211 ense
647 2168 751 2211 secare
773 2168 874 2228 genas.

155 2230 275 2310 Spicula
297 2250 357 2292 non
379 2234 498 2313 specula
522 2233 606 2295 miles
628 2234 797 2296 considerat
820 2236 886 2301 ista,
1074 2245 1129 2295 215

198 2314 290 2375 Docta
313 2318 405 2394 magis
428 2315 536 2377 collum
559 2335 647 2397 quam
671 2317 800 2395 spoliare
823 2317 931 2380 colum.

154 2396 237 2468 Quae
260 2398 336 2460 bene
357 2396 517 2479 pugnabat,
541 2404 667 2481 patriam
691 2401 768 2463 bene
792 2409 914 2463 noverat
936 2410 1043 2472 artem,

198 2482 318 2544 Mittere
339 2502 415 2563 quae
437 2494 554 2563 poterat
577 2484 644 2554 tela,
668 2485 777 2546 diserta
800 2487 868 2547 luit.

247 2628 398 2697 [Putabo
417 2631 457 2684 IN
476 2631 549 2696 Qua
568 2630 704 2685 GRAECI
720 2630 858 2685 FUGATI
876 2631 994 2703 stium]
1002 2635 1031 2702 *1

155 2731 218 2792 Nec
240 2733 337 2793 minus
360 2738 476 2796 Atrides
499 2740 606 2797 castris
629 2736 729 2796 educit
751 2737 878 2797 bobinos
982 2801 985 2809 ,

198 2814 365 2879 sollicitans
388 2820 508 2898 pavidos
530 2839 665 2888 meruere,
688 2819 776 2878 lande
799 2822 886 2884 viros.
973 2893 978 2900 δ
1074 2832 1131 2881 220

153 2899 262 2961 Obviat
283 2919 356 2978 ergo
379 2906 460 2976 viris,
484 2902 660 2982 plusquam
683 2904 736 2971 vir,
761 2906 845 2982 virgo
866 2902 963 2965 virilis

196 2983 248 3043 Vir
270 2985 378 3063 studio,
400 2990 501 3066 specie
523 2988 662 3055 foemina,
685 2986 774 3046 corde
796 2988 853 3049 leo.

155 3068 180 3128 tt
203 3068 286 3128 coelo
309 3070 481 3148 clamorque
503 3073 600 3130 virum
623 3069 796 3149 clamorque
820 3071 969 3141 tubarum,

222 3304 281 3352 202.
301 3303 389 3351 Anon.
406 3301 512 3350 Novell.
531 3316 558 3363 p.
577 3304 635 3363 517,
654 3301 701 3352 lin.
722 3306 762 3353 17.

256 3367 367 3416 Gaudet
385 3380 470 3429 equus
488 3365 620 3429 phaleris.

157 3432 216 3480 209.
235 3429 325 3481 Schol.
345 3430 381 3481 al.
399 3431 504 3494 hespel.

223 3495 248 3555 ⁸)
269 3494 360 3546 Sclrol.
376 3496 522 3560 marginis:
540 3497 637 3561 Pugna
656 3502 725 3551 xxiii
736 3517 792 3565 -per
810 3505 918 3569 aliquot
937 3504 1008 3561 dies.
