2509 3917
420 189 484 241 Lib.
503 188 541 240 11.
576 204 603 244 v.
625 190 736 242 bii-91.

96 339 238 415 Magnus,
263 338 416 408 laoundus,
438 339 572 418 prudens
593 342 794 418 Agamemnon
817 348 848 401 et
869 338 963 415 albus,

138 422 257 484 Nobilis
279 429 308 484 et
330 422 412 483 dives
433 423 662 501 pervalidusque
685 425 749 485 luit.
839 473 842 476 .

94 507 239 569 Staturae
260 507 376 568 mediae
397 507 550 568 Menelaus
572 507 719 577 amabilis,
742 516 836 587 aptus,

140 590 247 660 Rufus,
271 591 419 652 formosus
441 597 471 650 et
493 592 570 652 bene
592 600 695 669 gratus
717 599 790 653 erat.

95 674 250 755 improba,
273 674 413 735 mobilior
435 676 516 744 lolio,
540 676 671 736 Ledaea!
693 676 806 736 caduco

141 759 210 820 Non
233 765 351 839 poteras
373 767 455 820 tanto
477 760 533 821 fida
557 777 679 820 manere
702 763 774 820 viro.

97 845 216 903 Aeneas
238 843 321 903 ruins
343 842 475 912 affabilis,
499 863 551 905 ore
572 854 723 915 venustus,

142 927 253 996 Fortis,
275 927 432 995 facundus,
456 928 635 1008 consiliique
657 929 745 997 scius,

96 1012 199 1089 Nigris
221 1009 357 1072 laudatur
378 1010 483 1081 oeulis,
506 1014 558 1074 sed
581 1011 721 1074 alacriter
743 1011 802 1074 illis
876 1027 879 1028 ’

141 1094 242 1156 Utitur
263 1103 296 1156 ut
317 1096 429 1164 ridens,
452 1100 499 1157 vir
521 1101 599 1177 pius,
621 1100 682 1158 imo
704 1097 823 1157 decens.

98 1183 234 1252 Antenor
256 1180 370 1257 longus,
393 1180 521 1256 gracilis,
544 1190 689 1249 versutus,
713 1190 818 1243 acutus

143 1265 204 1334 Est,
228 1265 321 1341 agilis,
344 1265 438 1333 velox,
462 1266 600 1341 providus
621 1273 710 1345 atqua
732 1265 827 1326 dicax.

98 1348 162 1410 Ore
184 1356 327 1408 venustus
349 1357 414 1409 erat
435 1357 466 1409 et
487 1358 609 1428 pectore
631 1366 759 1425 maguus
782 1349 911 1410 Achilles

142 1428 290 1494 Strenuus
313 1439 342 1492 et
362 1431 474 1501 hilaris,
498 1432 666 1512 dapsilitate
687 1432 795 1494 libens.

97 1516 232 1595 Myrtoas
253 1517 284 1575 in
308 1518 400 1586 crine,
424 1516 562 1584 clemens,
587 1520 752 1578 acerrimus
774 1518 875 1584 armis,

144 1599 277 1678 Crispus,
300 1616 463 1663 amorosus.
486 1600 609 1677 grandia
633 1602 713 1662 ferre
734 1599 818 1661 levis.

98 1684 229 1763 Dapsilis
251 1691 281 1745 et
302 1684 435 1763 prudens
458 1684 621 1754 Patroclus,
646 1703 772 1764 corpora
794 1682 920 1764 pulcher

143 1768 239 1830 Corde
261 1769 310 1847 pio
327 1786 434 1848 <paoem
456 1772 547 1846 gessit
569 1775 599 1829 et
620 1787 672 1829 ore
695 1768 793 1832 tidem.

97 1853 166 1931 lpse
190 1853 407 1930 smaragdineis
429 1852 523 1914 oculis
545 1854 719 1933 magnisque
741 1853 878 1924 decorus,

144 1935 185 1997 Os
207 1937 271 1997 sine
292 1943 392 1997 mente
415 1935 523 2014 loquax
545 1937 677 1998 ereditur
699 1955 765 1997 esse
786 1940 879 1999 netas.

98 2018 205 2082 Clarus
228 2038 309 2094 voce,
333 2020 445 2090 valens,
469 2023 618 2082 formosus
640 2021 744 2083 Oileus
764 2021 845 2100 ajax,

144 2104 258 2181 Corpus
280 2104 448 2176 deductum,
472 2105 606 2166 membra
627 2108 771 2185 quadrata
792 2105 860 2167 sibi.

98 2185 228 2253 vocalis,
251 2187 365 2248 validus
386 2192 457 2251 Aiax
480 2187 671 2252 Telamonius
693 2199 786 2259 atrox,

144 2271 285 2348 Simplex,
310 2278 459 2335 caesaries
479 2282 539 2336 tam
562 2277 659 2351 nigra,
682 2278 780 2354 erispa
802 2292 896 2334 coma.
993 2281 995 2284 ’

102 2355 167 2416 Νοιι
191 2355 339 2417 formosus
362 2366 425 2418 erat
447 2358 498 2419 sed
522 2367 587 2419 erat
608 2359 756 2419 facundus
778 2356 878 2419 Ulixes

145 2439 206 2501 Ore
228 2441 349 2519 quidem
373 2440 450 2503 laeto
471 2462 531 2504 non
555 2453 653 2503 tamen
677 2442 791 2521 absque
812 2441 889 2501 dolo.

99 2524 247 2585 Facturae
269 2524 384 2585 mediae
406 2528 462 2587 luit
483 2536 514 2589 et
535 2529 681 2606 sapientia
705 2526 796 2587 multa

144 2608 248 2669 Cordis
271 2610 313 2677 ei;
336 2626 391 2670 our
412 2610 469 2670 boo
491 2613 684 2689 praeteriisse
705 2610 813 2670 velim?

99 2690 177 2761 Ouid
200 2692 238 2752 de
259 2694 389 2754 formosa
411 2694 506 2755 dicam
531 2696 685 2757 Briseida?
707 2693 842 2774 simplex,

144 2774 264 2847 Blanda,
287 2779 467 2847 verecunda,
491 2779 626 2849 eandida,
651 2788 767 2859 compta
790 2781 855 2840 fuit.

99 2859 206 2920 Junota
230 2863 398 2939 supercilia,
423 2862 527 2924 molles
547 2863 699 2942 llavosque
722 2862 848 2943 capillos

144 2944 259 3022 Corpus
281 2952 310 3004 et
333 2948 466 3027 aequale,
488 2947 600 3008 lumina
622 2946 701 3008 elara
725 2945 830 3026 probo.
1030 2952 1065 3001 90

18 3083 20 3108 ‚
99 3027 268 3089 Debueram
292 3033 438 3109 posuisse,
462 3032 541 3108 quod
564 3032 639 3092 baec
661 3030 785 3092 ailabilis
807 3039 887 3091 esset

169 3265 212 3314 to.
231 3262 298 3314 Cod.
317 3235 405 3316 volox.
475 3268 517 3317 73.
535 3266 634 3318 Dares.
653 3265 755 3332 aopillo
773 3268 889 3328 myrteo
907 3264 999 3314 lacon
1015 3259 1064 3322 1v‚

99 3333 147 3382 111
176 3345 255 3381 coma
281 3333 416 3397 myrthae.
452 3334 583 3385 Fortasse
606 3339 668 3384 erat
695 3333 771 3384 color
797 3331 939 3397 nigricans
964 3331 995 3377 ut
1021 3340 1066 3389 op

97 3399 217 3450 Philoat.
246 3399 315 3453 Hor.
345 3399 382 3454 11.
413 3400 438 3461 §-
456 3403 534 3467 20p
536 3403 612 3453 ,690
637 3406 694 3452 not
722 3390 1065 3461 a.13.(ed.010arius)

96 3457 260 3533 ὖαιιινθίνη
278 3457 362 3533 κόμη.
432 3469 472 3518 ⁷8.
492 3469 612 3519 ereditur
629 3484 679 3533 pro
697 3467 802 3519 eodiois
821 3465 936 3517 ceditur.
