2509 3917
419 185 482 234 nro.
501 183 552 234 111.
588 199 614 234 v.
635 184 776 233 rea-rar.
1041 181 1081 245 rr

112 337 255 399 curando
278 337 343 397 fieri
364 331 509 414 quaedam
532 333 645 413 majora
668 333 802 395 ridemus
1033 345 1081 395 195

155 420 297 489 Vulnera,
320 438 395 500 quae
418 418 527 479 melius
549 436 609 478 non
633 420 767 496 tetigisse
788 420 854 479 iuit.

111 505 192 566 Sunt
214 506 302 565 etiam
324 522 415 565 nares
437 501 632 583 reparandae.
676 502 780 563 Nonne
802 502 917 573 videtis,

157 591 285 668 Semper
307 607 358 650 eas
380 590 469 651 rastis
491 586 571 666 quod
593 589 688 666 quatit
709 585 809 648 Eurus
831 588 933 668 aquisi

113 672 153 732 Et
176 676 235 734 cito
258 673 395 734 deficient
418 671 567 738 alimenta,
591 669 721 740 cibaria;
744 670 830 731 multi

156 757 316 838 Temporis
338 757 475 818 assiduus
497 753 587 815 debet
609 754 721 816 habere
742 753 837 815 labor.
1031 766 1083 817 200

113 841 166 902 Est
188 843 277 902 etiam
299 843 434 903 modicus
456 840 617 910 exercitus,
640 848 670 899 et
692 839 761 916 quia
784 837 894 902 beiium

157 926 246 986 Forte
269 926 319 986 diu
341 924 440 992 stabit,
464 923 559 1004 major
582 922 738 985 habendus
760 924 826 984 erit.

113 1009 182 1071 Non
204 1017 346 1093 poterunt
368 1011 423 1069 ista
446 1009 512 1069 fleri
534 1008 589 1068 nisi
613 1014 714 1069 mente
734 1026 840 1069 serena

158 1094 197 1154 Et
217 1093 296 1155 bene
317 1110 433 1171 secura,
456 1110 513 1153 nec
535 1092 592 1152 nisi
614 1109 689 1171 pace
710 1090 787 1155 data.

115 1178 195 1253 Ergo
218 1179 407 1255 requiramus
429 1194 541 1257 pacem,
565 1193 728 1255 pacemque
750 1180 915 1244 triennem:
1031 1185 1083 1236 aot

161 1262 294 1341 Tempus
316 1271 349 1323 ut
369 1263 521 1323 obtineant
543 1269 765 1339 prememorata
788 1269 893 1322 ratum.

115 1344 195 1407 Dixit
217 1357 247 1407 et
269 1346 305 1407 ad
328 1347 479 1408 Priamum
501 1345 659 1406 confestim
683 1344 771 1406 mittit
793 1345 909 1406 Ulixem

159 1430 233 1491 Cum
256 1431 399 1492 Diomede
421 1428 503 1506 ioqui
525 1428 615 1490 verba
637 1431 739 1507 priora
762 1429 827 1491 sibi.

179 1593 313 1649 NUNTII
331 1593 604 1650 AGAMEMNONIS
621 1592 791 1650 VENIUNT
809 1592 848 1647 IN
867 1591 1017 1650 TROIAM.

117 1699 185 1760 Nox
207 1708 273 1760 erat
294 1708 326 1760 et
348 1699 468 1781 Trojam
491 1699 643 1762 latitanter
665 1701 768 1761 nuntia
790 1698 909 1769 radunt,

160 1785 198 1843 At
219 1802 281 1852 sua,
305 1785 382 1845 iorte
405 1786 471 1861 quis
492 1784 539 1845 his
562 1784 669 1854 obviat,
693 1800 774 1844 arma
797 1783 905 1843 ierunt.
1033 1792 1084 1841 ato

117 1866 212 1928 immo
234 1866 329 1928 Dolon
352 1871 483 1930 occurrit
506 1871 549 1930 eis
572 1868 852 1935 emortuarum:

159 1952 291 2023 Quaerit,
314 1971 374 2031 quo
396 1954 494 2017 medio
516 1961 652 2032 tempore
674 1954 769 2013 noctis
792 1961 870 2022 eant,

118 2035 156 2095 Et
178 2038 222 2096 sic
243 2038 364 2105 armati;
389 2046 535 2098 nocturna
558 2039 687 2116 negotia,
711 2038 791 2104 dicit,

162 2123 312 2200 Armaque
331 2119 401 2200 jure
422 2132 523 2183 notam
545 2123 725 2202 suspicionis
747 2120 865 2182 habent

12 2232 13 2235 ¹
118 2201 261 2265 Vadimus
283 2203 321 2264 ad
343 2204 503 2275 Priamum,
526 2205 721 2286 respondent,
743 2221 836 2284 pauca
859 2204 984 2273 referre,
1034 2211 1084 2260 215

155 2288 245 2359 ‘Ouae
268 2305 322 2365 per
343 2307 398 2349 nos
421 2289 551 2370 loquitur
572 2307 626 2350 ren
649 2290 851 2367 Agamemnon
873 2288 911 2347 ei.

115 2369 265 2452 Trojanos
287 2373 366 2452 quod
388 2373 564 2454 prodiderit,
586 2375 733 2434 mentitur
754 2372 913 2441 Homerus,

161 2455 246 2525 euno
270 2458 456 2519 sitistornm
478 2458 613 2539 perditus
635 2474 707 2525 ense
730 2455 839 2525 Dolon:

121 2535 210 2610 liicit,
234 2539 304 2602 dnm
325 2542 424 2602 iuerat
444 2540 572 2603 scrutari
594 2542 707 2602 missus
724 2541 850 2601 Achivos

162 2624 263 2687 Donec
285 2627 448 2694 transierit,
472 2626 624 2688 delituisse
647 2625 731 2686 duos.
1033 2632 1085 2681 220

14 2758 15 2787 ,
116 2698 228 2788 Captus
250 2708 287 2769 ab
310 2710 357 2770 liis
378 2709 492 2771 Troum
514 2713 621 2772 recitat
644 2715 759 2771 secreta
783 2707 900 2770 dnobus

164 2793 321 2854 Insinnans
343 2811 397 2873 per
420 2795 498 2873 quod
521 2788 751 2873 ingrederentur
772 2795 839 2854 iter.

119 2877 248 2937 Maxima
269 2872 455 2957 Troja‘mihi
477 2898 601 2941 currum
622 2879 759 2957 promisit
780 2877 914 2946 Achillis,

162 2960 280 3031 intulit,
303 2961 457 3040 Argolicae
478 2965 504 3024 si
526 2971 705 3044 caperentur
725 2980 808 3040 opes.

187 3129 245 3178 ton.
257 3129 284 3180 6.
298 3128 349 3178 Or.
363 3129 442 3180 Pont.
455 3130 492 3193 11,
506 3133 531 3193 i,
544 3133 586 3182 25.
599 3132 641 3181 26.
676 3131 734 3181 206.
748 3131 836 3194 Merg.
850 3129 997 3179 triennem.
1016 3127 1085 3178 Msc.

16 3232 17 3239 ,
118 3195 261 3250 trientem.
312 3197 371 3248 214.
389 3198 478 3262 Marg.
496 3202 600 3248 notam.
618 3188 808 3252 Memnonem.
859 3199 921 3250 att,
937 3196 1088 3248 mentibus.

16 3282 17 3307 1
117 3261 267 3314 Homerus.
289 3264 391 3314 Noster
410 3265 627 3330 Epitomatorem
643 3264 696 3316 hoc
714 3265 826 3315 nomine
844 3262 993 3329 significet,
1013 3262 1087 3327 apud

119 3342 204 3394 quem
222 3329 294 3381 haec
312 3345 340 3381 v.
358 3333 409 3383 tot
426 3347 486 3396 sqq.
504 3337 662 3386 nsmntnr.
730 3334 789 3383 22³.
808 3331 928 3396 Epitom.
945 3331 1003 3380 720.
1021 3330 1062 3378 et.

241 3397 364 3449 Maxima
381 3397 465 3462 'froja
482 3399 551 3450 mihi
568 3415 677 3450 currum
695 3399 819 3464 promisit
836 3397 953 3449 Achillis
979 3432 982 3435 -

272 3464 302 3515 Si
320 3471 431 3518 vestras
450 3468 574 3532 cepisset
591 3481 670 3532 opes.
