2509 3917
150 231 241 279 xvltt
562 211 716 262 Praelatio.

234 365 265 446 3)
300 365 350 427 foi.
386 362 575 428 ata-too·
612 375 715 425 noster
753 365 880 425 Troilus.
935 362 1015 424 liaeo
1047 358 1120 422 lolia

149 460 277 516 exeunte
299 452 417 513 saeculo
440 450 556 512 decim
577 451 666 510 tertio
682 447 728 510 rei
741 451 865 511 ineunte
881 447 1121 526 quartodecimo

148 559 166 601 a
188 537 326 599 manibus
345 536 463 597 duabus
484 537 549 596 lere
570 533 748 615 aequalibus
770 542 889 594 exarata
904 540 990 593 snut.

237 621 302 683 Foi.
329 618 403 682 160⁰
428 630 545 684 tanum
577 620 820 700 inscriptionem:
857 617 910 679 lib'
938 626 1001 678 sote
1028 617 1124 676 marie

151 707 274 785 uirginis
294 707 325 766 in
348 724 424 767 novo
446 706 629 767 monasterio
652 703 792 782 praebet,
821 703 872 763 loi.
898 698 973 763 161²
995 720 1011 761 a
1034 702 1124 762 tertia

150 785 242 854 mann
269 792 412 872 scriptam
434 789 546 869 giosam
575 788 613 864 ad
642 786 694 849 lib.
722 788 775 859 vi,
803 783 932 856 v.·889;
964 785 1018 847 iol.
1049 781 1126 846 161⁶

151 895 276 939 vacuum
290 876 341 936 iol.
364 871 425 936 162
440 874 544 935 lolium
558 873 705 952 tegumini
719 873 869 952 adjectum
886 869 1124 933 membraneum.

235 961 349 1021 'leatus
370 958 466 1020 Troili
496 961 630 1037 integer,
658 957 752 1018 codex
774 958 838 1037 ipse
860 975 920 1018 nou
943 954 1033 1035 plano
1055 971 1126 1034 per·

149 1046 245 1107 lectus
273 1053 329 1105 est.
373 1034 483 1115 Ouum‘
501 1045 583 1104 enim
608 1044 641 1104 in
668 1045 772 1121 priore
801 1049 887 1120 parte
909 1040 1057 1102 librom]
1078 1040 1126 1098 in-

151 1131 343 1210 scriptiones
359 1130 456 1208 capita
470 1137 559 1208 atque
573 1127 693 1189 litterae
714 1126 841 1189 initiales
861 1128 956 1187 minio
975 1125 1125 1204 adpictae,

152 1215 339 1292 singulorum
373 1231 514 1274 versuum
542 1211 660 1273 litterae
691 1210 822 1273 initiales
855 1211 950 1272 rubro
978 1208 1078 1270 coiere
1106 1226 1126 1268 a

151 1317 267 1360 summa
297 1315 394 1376 usque
426 1296 463 1358 ad
497 1300 589 1358 imam
617 1298 758 1376 paginam
787 1297 949 1374 insignitae
975 1302 1057 1364 snut,
1091 1294 1126 1353 in

151 1392 236 1464 parte
253 1385 356 1453 altera,
381 1382 514 1443 nondum
529 1382 688 1443 desinente
704 1398 794 1443 mauu
809 1383 922 1461 priore,
945 1380 1127 1440 miniaturae

151 1468 275 1538 desunt,
299 1485 393 1548 quare
416 1465 568 1528 diiflciiins
590 1467 688 1545 capita
711 1474 741 1527 et
761 1464 833 1527 libri
854 1467 935 1526 inter
956 1481 989 1525 se
1010 1463 1125 1523 discer-

151 1562 276 1616 nuntur.
314 1552 531 1631 inscriptiones
553 1560 584 1611 et
599 1550 805 1613 distinctiones
818 1549 1031 1629 supplesimus,
1054 1564 1126 1626 pro·

153 1641 286 1699 oemiurn
309 1636 500 1715 grammatici
521 1637 615 1713 ignoti
631 1636 765 1697 additum
779 1643 826 1697 est
840 1643 873 1695 ut
888 1642 918 1695 et
931 1634 1013 1711 glosa
1029 1630 1128 1694 ultimi

152 1739 257 1782 versus
279 1724 311 1781 in
333 1723 392 1781 fine
415 1719 498 1781 iibri.
541 1720 668 1798 Margini
687 1719 805 1781 codicis
827 1720 865 1781 ab
887 1727 1015 1798 utraque
1034 1733 1127 1777 manu

76 1815 80 1820 ’
153 1805 278 1866 diversis
301 1805 333 1864 in
354 1803 430 1866 locis
453 1802 574 1865 notulae
595 1803 764 1882 adscriptae
786 1813 866 1873 suut,
889 1821 963 1883 quas
981 1800 1126 1862 exbiben-

153 1889 205 1949 das
226 1906 282 1949 nec
305 1887 502 1966 negligendas
524 1906 590 1949 esse
614 1890 795 1966 putarimus.
832 1887 887 1949 liic
908 1885 971 1948 illio
992 1888 1023 1946 iu
1046 1903 1127 1945 mar·

151 1975 221 2051 gine
248 1974 425 2052 praesertim
454 1973 565 2050 prioris
592 1974 685 2052 partis
713 1971 854 2050 leguntur
880 1972 932 2034 Or.
956 1971 990 2033 Ο.
1013 1969 1057 2032 ΑΙ.
1081 1966 1125 2029 Gi.

151 2058 238 2119 Hom.
262 2058 335 2118 stat.
358 2056 430 2118 Luc.
455 2061 506 2119 liv.
552 2055 615 2135 Vgl.
641 2058 689 2119 Es.
712 2057 795 2118 Alea.
822 2075 900 2135 qnae
922 2057 1006 2133 sigua
1030 2054 1126 2114 deno·

152 2150 217 2203 tant
243 2141 413 2212 Horatium,
441 2140 595 2214 Ovidium,
625 2140 710 2203 lilani
733 2140 1008 2205 anticlaudianum,
1037 2138 1126 2199 utau-

151 2226 281 2295 diarum,
304 2225 467 2287 Homerum
491 2225 521 2305 (i.
545 2245 572 2291 e.
588 2225 841 2304 epitomatorem),
864 2225 1002 2292 Statium,
1025 2223 1124 2288 Luca·

152 2328 239 2379 nurn,
265 2311 426 2380 inanum,
455 2309 624 2388 Virgilium,
654 2313 803 2389 Aesopum
833 2311 862 2386 (i.
891 2327 917 2371 e.
939 2310 1128 2387 anonymum

151 2393 314 2475 Neveieti),
349 2395 484 2458 Gnalteri
515 2395 775 2457 Alexandreidem.
819 2394 851 2454 Si
886 2410 947 2455 uon
981 2391 1127 2471 expositio

152 2478 336 2557 grammatici
359 2477 515 2558 cujusdam
539 2481 633 2557 ignoti
654 2479 691 2540 ad
707 2479 826 2540 initium
841 2478 983 2539 carminis
998 2486 1029 2536 et
1045 2475 1122 2536 duae

152 2581 259 2625 manus
287 2570 452 2632 exstarent,
486 2564 613 2625 fortasse
642 2572 749 2641 putare
770 2562 879 2625 liceret
900 2561 1126 2623 emendationes

152 2649 183 2707 in
217 2649 350 2725 margine
378 2654 409 2707 ct
436 2648 490 2707 bas
518 2655 603 2708 notas
631 2648 669 2707 ab
697 2648 762 2727 ipso
784 2653 872 2727 poeta
895 2649 1024 2725 scriptas
1047 2661 1123 2710 esse,

153 2732 204 2811 qui
235 2731 342 2808 quibus
374 2729 572 2810 scriptoribus
600 2728 806 2810 depromserat
835 2748 953 2798 versus,
987 2729 1125 2791 indicare

154 2816 288 2876 voluerit.
333 2815 564 2877 Emendatioues
595 2818 712 2877 auctori
738 2818 797 2895 ipsi
819 2815 994 2877 tribuendae
1017 2811 1121 2875 viden·

153 2908 204 2960 tur
226 2897 392 2960 secundum
413 2917 517 2960 versus
538 2898 590 2960 lib.
615 2900 662 2970 vi,
687 2896 750 2962 693
765 2919 810 2979 sq.

195 2983 316 3055 „Edidit
338 2984 417 3044 hune
439 2991 523 3046 serto
544 2986 664 3046 linitum
689 3003 792 3045 mense
813 2982 966 3052 libellum,v

239 3068 292 3129 Cui
315 3076 415 3130 tamen
437 3067 495 3129 boc
517 3077 637 3149 tempus
658 3086 789 3148 syncopa
813 3068 904 3129 muita
928 3066 1004 3129 tulit.

196 3153 333 3214 Correxit
356 3152 513 3233 pigritans.
558 3152 657 3214 Labor
678 3151 736 3221 bic,
760 3170 849 3233 quem
873 3151 1010 3214 scribere
1035 3147 1129 3227 major

239 3236 275 3297 rit
295 3246 452 3298 corrector
474 3240 530 3298 ait:
554 3240 687 3299 sintina
709 3237 735 3298 si
757 3255 815 3317 qua
839 3236 970 3298 valent.“

153 3320 305 3383 interdum
340 3321 389 3383 bic
420 3321 466 3382 vei
495 3320 545 3408 iile
577 3324 709 3398 scriptor
744 3323 775 3383 in
806 3322 942 3399 margine
971 3317 1131 3395 adscriptis

154 3407 234 3467 notis
264 3406 339 3468 laiso
372 3407 480 3467 citatur
508 3415 539 3468 et
565 3405 621 3468 snb
646 3405 744 3468 ovidii
773 3408 896 3467 nomine
929 3422 1019 3482 saepe
1040 3401 1132 3463 blaxi-

104 3525 105 3529 =
156 3491 274 3552 mianus
302 3490 559 3568 (Pseudo-Gallus)
588 3490 763 3569 Pamphilus
792 3498 822 3551 et
844 3490 996 3568 Benignus
1020 3485 1134 3548 Floria·
