2509 3917
178 151 242 215 120
485 153 548 203 Lib.
566 152 614 206 lv.
644 170 669 202 v.
689 156 831 204 tol-577.

277 296 557 368 [unoruonsuns
574 299 741 354 acnmms
758 299 876 355 armus
893 299 953 354 mn
971 300 1059 354 nnn

513 382 798 453 urnnrnouuny

179 487 271 548 Filius
293 486 439 547 Aeacidae
462 487 594 566 Pyrrhus
615 488 681 557 luit,
704 489 754 548 hic
776 487 951 567 Lycomedis

222 571 306 632 Tunc
330 580 394 632 erat
415 573 447 632 in
468 574 566 641 tectis,
589 589 658 633 nam
681 573 738 633 luit
760 571 825 650 ejus
847 591 927 633 avus.

179 654 230 716 llle
253 653 465 733 Neoptolemus
487 673 605 734 quoquc
629 655 792 725 dicebatur,
818 663 940 736 eratque

222 736 368 800 Strenuus
390 747 421 798 et
442 740 537 809 lortis,
560 748 641 800 totus
664 742 761 818 imago
783 742 886 819 patris.

179 823 251 895 Quis
273 824 372 900 potins
393 821 471 883 levat
492 841 573 883 arma
596 825 690 903 patris
712 841 800 900 quam
823 823 902 885 filius
925 824 1007 903 ipse,
1104 835 1165 883 555

218 907 282 968 lieu
305 909 362 975 ait;
385 907 444 968 huc
467 909 564 968 veniat
586 906 845 988 Myrmidonasque
867 917 962 985 regat.

177 994 236 1054 Pro
258 991 374 1070 Pyrrho
396 990 547 1051 Menelaus
570 990 641 1069 abit,
664 991 717 1052 sed
740 1009 795 1052 nec
817 991 1008 1072 Lycomedes·

220 1074 331 1135 inritus
350 1073 488 1153 juvenem
510 1076 600 1135 mittit
621 1083 652 1136 et
673 1073 722 1135 ille
746 1077 835 1136 venit.

181 1158 330 1219 Virtutum
353 1157 479 1237 pedibus
501 1161 596 1238 patris
618 1162 650 1219 in
675 1159 793 1237 vestigia
815 1158 947 1237 Pyrrhus

221 1241 320 1304 Calcat
341 1241 489 1313 nobiliter,
513 1244 600 1303 sortis
621 1251 655 1303 ut
677 1245 742 1321 ipse
765 1249 859 1321 pater.
1101 1253 1165 1302 560

212 1439 312 1508 [max
330 1437 565 1491 rumnonrns
584 1438 729 1492 ooomrr
745 1436 924 1505 Panrnnn,
944 1438 1012 1492 sun
1031 1438 1117 1494 man

466 1520 715 1576 noannoeane
733 1521 853 1591 onum]

180 1628 241 1688 Pax
264 1626 363 1686 brevis
384 1630 524 1705 exspirat,
548 1628 684 1705 aspirant
705 1625 826 1704 proelia,
850 1625 963 1688 bellans

219 1712 273 1771 Vix
295 1712 468 1788 respirarat,
492 1709 589 1770 denuo
613 1709 691 1770 bella
713 1718 811 1788 param

175 1794 231 1855 llic
254 1802 284 1852 et
305 1793 347 1852 ibi
369 1791 529 1854 clamatur:
553 1793 589 1853 ad
613 1812 711 1865 arma;
734 1793 879 1854 valenter:
903 1793 940 1853 ad
962 1796 1060 1854 arma!
1247 1829 1248 1907 y

221 1876 350 1938 Edronis
371 1876 499 1955 populus
520 1879 615 1938 currit
638 1878 674 1937 ad
697 1896 778 1938 arma
802 1880 888 1938 citus.

180 1960 252 2022 Cum
279 1959 385 2020 Danais
406 1964 607 2036 Agamemnon
631 1961 724 2027 adest,
748 1960 935 2042 Trojauaque
957 1963 1052 2022 virtus
1098 1973 1159 2022 665
1248 1934 1249 2011 l

222 2044 321 2104 Portis
343 2049 482 2125 erumpit,
505 2052 540 2105 ut
561 2047 652 2106 maris
674 2045 750 2105 unda
774 2044 848 2105 fluit.

179 2125 352 2188 Horrisonis
374 2128 437 2188 litui
462 2139 568 2188 verant
590 2128 751 2189 ululatibus
772 2146 870 2195 auras,

223 2212 260 2272 Et
281 2218 420 2289 tanquam
444 2215 571 2272 tonitrus
593 2213 720 2289 ingruat,
743 2211 841 2272 hinnit
863 2230 967 2291 equus.

180 2296 247 2357 Jarn
271 2314 302 2356 so
325 2296 518 2355 commiscent
540 2297 629 2370 acies,
650 2294 709 2372 jam
732 2294 790 2355 tela
812 2300 1024 2376 propinquant,

219 2380 285 2441 iam
308 2378 431 2440 rutilant
453 2396 548 2443 enses,
571 2379 714 2456 compluit
736 2396 804 2439 arva
827 2397 926 2444 cruor.
1096 2390 1157 2440 ato

174 2465 209 2525 ln
232 2467 330 2543 primo
353 2463 490 2523 dominus
513 2462 608 2540 clypei
629 2463 832 2540 septemplicis
854 2463 926 2543 Ajax

219 2549 343 2626 Agmine
367 2546 562 2624 praeradians
583 2549 717 2622 gramina
741 2546 831 2606 caede
853 2543 967 2624 replet;

174 2632 293 2691 Infinita
317 2630 426 2690 eadunt
448 2629 485 2689 ah
508 2635 634 2706 utraque
656 2629 798 2690 cadavera
822 2637 916 2707 parte,

220 2713 256 2774 Ut
276 2713 336 2790 jam
359 2712 515 2772 funeribus
538 2711 634 2789 ampla
658 2714 774 2773 deesset
795 2712 911 2773 humus

172 2797 239 2858 Non
263 2797 361 2874 potuit
383 2795 463 2854 solus
485 2793 635 2855 deducere
658 2795 806 2857 Cerberus
827 2796 951 2858 umbras
1092 2806 1153 2856 575

216 2879 240 2938 E
264 2878 342 2938 bello
365 2880 470 2939 missas
492 2879 522 2937 in
545 2877 746 2955 Phlegetontis
769 2897 875 2959 aquas;

173 2963 236 3024 Nec
258 2964 431 3040 lerrnginea
454 2961 607 3022 subvectat
629 2980 755 3041 corpora
777 2963 875 3023 cimba

242 3218 292 3267 556
332 3227 441 3279 mergo:
467 3212 501 3262 ad
518 3211 684 3262 veniendum
702 3225 732 3261 se
750 3216 839 3275 parat,
941 3212 1000 3262 tor.
1034 3211 1149 3276 Margo.

174 3285 273 3350 Pugna
290 3280 362 3344 xxij,
381 3282 410 3330 in
429 3285 484 3344 qua
500 3277 573 3338 Ajax
591 3279 769 3328 Telamonius
786 3277 886 3327 occidit
904 3278 1046 3339 Paridem,
1065 3280 1152 3343 prius

172 3357 268 3466 ἒίἓὲιι
294 3349 366 3399 idem
392 3343 464 3408 Ajox
490 3343 654 3395 vulneratus
683 3344 718 3393 ab
744 3344 841 3394 eodem
863 3344 963 3395 Paride
990 3345 1019 3393 in
1042 3347 1150 3397 eastris
