2509 3917
399 195 461 244 nra.
484 194 531 245 m.
566 211 592 247 v.
610 196 753 249 oea-ma.
997 199 1057 264 125

88 344 141 405 Sic
165 354 264 408 tamen
287 342 413 406 interius
434 355 466 407 nt
489 347 528 407 sit
548 346 713 410 substantia
738 349 835 411 mollis
914 354 916 357 ’

133 429 276 492 Exterius
298 429 407 490 uaacies
430 448 538 490 carnea
560 431 684 507 pulchra
706 436 805 494 nimis.

93 510 227 576 Exornai
248 515 365 592 digitos,
389 513 489 591 digitis
511 517 537 575 si
560 516 660 577 forsan
683 516 830 588 inhaeres,
1007 529 1056 579 695

135 599 228 659 Linea
251 597 374 667 directa,
397 597 500 669 lactea,
522 598 620 678 longa,
643 608 732 661 teres

93 680 172 744 Huic
195 682 294 760 digitis
316 681 421 759 digitos
442 682 607 753 reflectere,
631 686 691 745 sive
714 684 839 746 reducto

134 766 247 827 Pollice
270 764 453 827 brachiolum
475 775 598 845 tangere
619 770 711 829 moris
734 780 812 838 aram

91 849 155 912 Nec
178 851 291 920 minuit
307 849 410 911 landes
432 851 511 929 quod
533 860 603 913 sont
625 854 689 913 sine
711 852 849 913 sordibus
870 871 992 933 ungues,

135 933 217 1005 Quos
239 951 354 1011 nequeo
376 932 479 1012 longos
501 935 547 995 rel
569 947 712 1015 reputare
734 935 848 997 breves.
1006 949 1057 999 700

93 1015 191 1079 Poma
213 1016 408 1079 mamillarum
432 1019 548 1079 modico
569 1038 711 1097 suspensa
734 1028 854 1082 tumore

136 1102 431 1181 Producensprodit
453 1111 566 1182 pectus,
590 1107 688 1184 imago
711 1105 794 1165 nivis.

92 1185 179 1247 Nulla
203 1183 326 1247 mollitie
350 1187 519 1265 dependent
540 1189 642 1258 fracta,
666 1188 717 1249 sed
740 1189 804 1268 ipsa

136 1271 252 1330 duritie
275 1273 348 1330 casti
370 1273 453 1347 signa
476 1272 599 1348 pudoris
620 1272 745 1339 habent:

92 1355 248 1430 virgineas
270 1363 349 1414 stare
373 1353 472 1415 videas
495 1357 633 1433 utrinque
656 1355 780 1436 papillas
1007 1367 1056 1416 705

136 1439 174 1498 Et
196 1437 286 1498 veluti
308 1455 439 1514 gemmas
461 1439 611 1500 irrutilare
634 1439 719 1501 duas.

95 1521 193 1592 Quom
217 1521 334 1581 dederit
354 1528 461 1583 natura
483 1522 566 1592 duas,
589 1542 637 1584 ars
660 1524 808 1584 demserat
830 1539 929 1593 unam,

137 1605 197 1664 lret
218 1614 250 1665 ut
272 1605 308 1665 ad
332 1604 463 1683 gladium
484 1605 578 1667 libera
601 1607 704 1668 dextra
727 1623 842 1667 manus.

95 1688 161 1750 Non
184 1694 265 1769 patet
287 1690 376 1750 immo
399 1692 471 1751 latet
493 1694 611 1752 niveum
636 1689 722 1763 latus,
742 1689 922 1767 illclpugilli

136 1772 429 1852 Circumscriptibilis
451 1783 496 1838 est
518 1774 663 1837 brevitate
685 1772 778 1836 locus]
1008 1784 1057 1834 710

92 1856 159 1917 Non
182 1874 214 1915 se
236 1856 387 1928 distendit,
412 1876 467 1918 nec
490 1861 568 1919 enim
591 1879 623 1920 se
647 1859 795 1921 contrahit
816 1857 906 1932 airus,

137 1939 259 2001 Mollitie
282 1941 393 2007 tumida
416 1942 469 2002 sed
491 1941 568 2002 bene
590 1945 655 2004 iosa
676 1943 769 2005 sedet.
836 1973 839 1979 ·

93 2024 139 2085 Ad
162 2031 279 2102 tergum
303 2033 449 2086 vertamus
470 2027 536 2104 iter,
559 2029 643 2104 quasi
666 2029 750 2106 pinea
775 2027 868 2086 malus

137 2108 210 2176 Stat,
233 2107 311 2168 benc
332 2109 466 2170 membra
489 2110 546 2170 sihi
569 2112 739 2172 continuata
762 2118 876 2170 tenens.

92 2191 199 2253 Partes
220 2191 352 2252 occultas
374 2212 433 2253 noo
457 2190 501 2255 es't
522 2193 643 2255 laudare
664 2212 795 2263 necesse,
1007 2202 1056 2252 715

136 2275 238 2335 Penne
262 2278 389 2337 nativam
412 2295 468 2337 ncc
491 2296 628 2339 reserare
652 2286 761 2339 seram.
1057 2303 1063 2309 “

101 2359 225 2420 Caetera
249 2378 328 2442 qnae·
346 2359 465 2422 laudem
487 2362 615 2438 pariunt,
640 2361 792 2423 reticendo
815 2361 989 2441 loquuntur,

123 2442 180 2520 *Et
201 2444 355 2504 recitando
377 2453 477 2506 tacent
497 2445 571 2507 haec
594 2442 662 2524 quia
685 2445 771 2506 laude
795 2448 903 2523 vigent.

98 2527 204 2606 Aptius
226 2527 300 2588 haec
322 2530 419 2589 anima
441 2532 553 2609 poterit
575 2547 662 2609 quam
685 2528 785 2607 lingua
807 2531 904 2599 fateri,

140 2610 206 2670 Non
230 2609 316 2671 decet
337 2611 487 2673 interdum
510 2612 624 2690 singula
647 2613 736 2674 verba
758 2615 849 2694 loqui.
1010 2627 1059 2677 720
1108 2608 1113 2619 ⁸

94 2694 228 2754 Candida
253 2713 285 2754 se
308 2695 448 2772 gracilem
471 2697 623 2776 protendit
645 2697 726 2767 tibia,
749 2700 826 2758 raris

135 2779 160 2838 Α
182 2779 314 2839 latitante
337 2797 415 2858 genu
438 2779 580 2841 carnibus
602 2799 667 2841 ossa
691 2789 810 2858 tegcos;

165 2981 223 3030 699.
243 2980 293 3031 Or.
310 2980 363 3030 Ars
381 2980 403 3043 Ι,
421 2982 471 3031 519
505 3013 538 3021 -
556 3008 588 3017 -
606 2986 634 3031 et
652 2984 707 3033 sint
725 2982 786 3034 sine
804 2985 931 3037 sordibus
947 3001 1052 3051 ungues

91 3049 155 3097 701.
171 3046 277 3097 Alanus
295 3046 453 3101 Anticleud.
472 3047 521 3102 lib.
538 3048 560 3098 I.
578 3065 604 3113 p.
624 3051 664 3099 11.
684 3051 732 3100 lin.
753 3051 776 3106 6,
846 3055 903 3109 702.
921 3057 948 3105 3.
975 3054 1057 3105 Alau.

90 3114 161 3164 ibid.
179 3113 227 3164 lin.
245 3116 269 3164 8.
289 3116 313 3164 9.
331 3115 379 3164 ubi
398 3120 490 3164 tamen
508 3114 620 3166 ultimus
638 3131 735 3167 versus

163 3177 271 3232 Duritie
289 3182 394 3247 proprii
411 3182 568 3233 describunt
587 3184 669 3248 signa
686 3185 805 3250 pudoris.

88 3265 153 3345 716.
182 3279 305 3315 reserare
323 3281 372 3330 pro
392 3265 450 3316 cod.
470 3267 596 3317 reserare.
701 3271 757 3319 717.
787 3269 866 3320 Alan.
889 3271 907 3321 l.
928 3286 952 3321 e.
971 3286 997 3334 p.
1019 3273 1058 3322 11.

89 3331 142 3382 lm·
163 3333 262 3450 {lgetelrss
281 3402 344 3465 quis
361 3403 452 3452 nescit
469 3401 581 3452 meliora
598 3401 685 3453 latere
704 3405 754 3453 sub
773 3405 834 3454 istis

163 3466 283 3528 Quorum
302 3468 362 3519 sola
380 3473 480 3533 gerunt
497 3469 600 3534 placidi
619 3470 765 3535 praeludia
783 3471 884 3522 vultus.
