2509 3917
476 214 539 266 Lib.
558 214 580 266 1.
616 231 644 267 v.
662 219 807 273 ete-3⁷6.

280 430 387 485 PARIS
405 429 503 486 mutu
521 429 564 486 SE
582 430 725 487 ITURUM
742 431 784 486 IN
801 431 1001 488 sessulam.

161 552 265 632 Surgit
285 551 470 627 Alexander3
493 572 568 634 opus
590 552 648 614 hoc
669 551 817 616 laetanter
839 554 923 615 adire

201 636 262 699 Pro
283 638 377 718 patris
399 646 429 699 et
450 640 576 718 patriae,
599 637 691 708 diicit.
716 657 818 700 amore
841 640 917 700 volo.
1084 650 1140 701 350

160 721 266 785 idaeos
287 721 407 801 lepores
429 721 578 801 quondam
601 721 733 783 venabar
754 725 786 783 in
808 722 867 791 ida,

203 806 334 886 Deposui
355 824 461 868 somno
484 805 619 867 membra
642 806 759 869 volente
782 807 879 869 thoro.

161 890 282 952 Somnio
305 890 463 952 mirificum
487 890 568 959 darc,
592 909 670 970 quae
692 894 856 971 speciosior
879 901 966 964 esset,

206 974 361 1051 Iudicium,
385 976 459 1036 mihi
483 983 545 1036 tres
568 975 740 1037 exhibuisse
763 975 848 1046 deas;

160 1059 226 1122 Una
249 1058 304 1120 iuit
325 1057 430 1130 Pallas,
454 1059 554 1120 Venus
575 1058 680 1130 altera,
702 1064 790 1121 tertie
812 1060 904 1132 luuo;
1080 1071 1134 1121 355

202 1141 379 1221 Ambiguus
402 1144 452 1205 cui
473 1142 538 1204 laus
559 1144 614 1204 ista
637 1142 769 1216 daretur,
793 1162 884 1206 eram.

160 1227 194 1288 ln
217 1229 317 1305 specie
339 1227 448 1289 mulier
470 1228 537 1307 pius
559 1227 669 1307 gaudet
690 1247 780 1308 quam
802 1228 962 1309 probitate,

205 1312 337 1373 Mentem
360 1330 421 1374 non
442 1319 574 1373 mentem
597 1314 708 1374 femina
731 1312 856 1395 pulchra
879 1311 960 1376 colit

160 1394 316 1460 Delectant
337 1398 423 1458 etiam
447 1404 545 1458 castas
567 1398 727 1476 praeconia
748 1397 872 1468 formae,
1195 1457 1198 1460 .

202 1481 337 1544 Pessima
359 1482 406 1552 sit,
430 1480 505 1543 33111
526 1500 587 1542 non
610 1500 662 1543 sna
686 1481 782 1543 iorma
804 1481 913 1562 piacet
1079 1490 1136 1542 360

160 1564 237 1627 Hinc
260 1566 360 1628 Venus
383 1566 457 1627 haec
480 1565 516 1627 ad
539 1585 603 1627 me:
627 1585 704 1645 quae
727 1567 782 1627 sim
805 1568 969 1646 speciosior
992 1567 1057 1638 ede,
1253 1567 1254 1576 ’

203 1650 395 1730 Efficiamque
418 1651 473 1711 tibi
496 1651 592 1711 dulcia
615 1650 692 1711 dona
715 1650 788 1712 dari.

160 1734 286 1796 Graecia
309 1735 450 1795 formosis
473 1742 518 1794 est
541 1734 682 1794 deliciosa
705 1735 825 1814 pueiiis;

202 1817 294 1896 Elige,
318 1817 366 1877 cui
389 1816 480 1887 dicas,
502 1826 535 1878 tu
559 1816 631 1877 mihi
653 1817 716 1879 sola
738 1819 846 1897 places.
1066 1880 1069 1885 .

158 1902 221 1963 Hac
243 1919 298 1980 ego
321 1909 351 1962 te
372 1901 488 1972 faciam,
511 1902 605 1979 Paris,
629 1901 666 1961 ad
689 1909 740 1962 tua
762 1910 828 1964 vota
849 1905 951 1983 potiri,
1080 1913 1136 1963 365

203 1986 235 2047 Si
257 1985 346 2046 detur
368 1987 483 2067 species
505 1985 574 2066 pius
597 1988 733 2065 speciosa
757 1987 841 2049 mihi.

160 2070 232 2141 Quis
254 2076 354 2130 tantae
376 2073 523 2150 promissa
546 2070 619 2131 deae
643 2078 835 2133 contemnere
857 2073 977 2152 posset?

203 2155 302 2216 Prona
325 2156 405 2215 venit
427 2155 545 2235 cupidis
566 2156 596 2215 in
620 2173 672 2218 sua
696 2164 762 2217 vota
785 2156 869 2217 fides.

160 2238 215 2300 Est
237 2238 333 2300 Pallas
354 2241 500 2319 speciosa,
523 2237 644 2320 loquor,
667 2242 861 2318 speciosaque
883 2241 957 2302 luno

202 2322 274 2386 Plus
296 2331 396 2386 tamen
419 2323 563 2386 ambabus
587 2335 632 2386 est
654 2326 789 2403 speciosa
813 2324 920 2387 Venus.
1081 2334 1138 2385 stu

160 2408 232 2471 Hoc
245 2410 436 2488 impromisso
460 2409 587 2470 confisus
609 2408 749 2470 alacriter
771 2409 822 2469 ibo

202 2494 293 2554 Forte
314 2496 373 2553 mei
394 2496 456 2554 voti
478 2501 545 2571 post
567 2492 656 2553 modo
679 2511 800 2574 compos
822 2512 885 2554 ero.

159 2577 249 2638 Grata
271 2579 462 2656 superveniet
485 2595 560 2657 quae
585 2594 645 2635 non
668 2576 838 2655 sperabitur
860 2577 951 2646 hora:

205 2660 270 2733 Quo
293 2663 448 2722 minimum
473 2659 570 2720 credis
592 2663 719 2738 gurgite,
742 2663 832 2740 piscis
855 2663 922 2722 erit.
997 2669 1003 2702 ¹

160 2744 296 2806 Dedecus
318 2744 409 2805 ultori
431 2743 553 2805 dabitur
576 2743 650 2805 mihi
672 2744 749 2805 forte
772 2744 951 2826 triumphus,
1082 2755 1137 2804 375

202 2828 330 2890 Tantum
353 2836 484 2889 maturet
503 2827 613 2890 bellica
636 2828 738 2890 classis
761 2848 845 2909 opus

227 3065 286 3118 368.
306 3064 463 3130 emargine
481 3079 531 3147 pro
549 3069 658 3119 metum
728 3066 787 3119 363
806 3063 901 3115 Ovidii
919 3063 1026 3116 estArs
1042 3064 1136 3114 Amat.

153 3133 182 3195 .1,
199 3133 258 3183 623.
323 3132 379 3182 363.
400 3134 567 3196 emargine,
585 3147 658 3198 pro,
661 3129 752 3193 ‚“nec.
809 3132 868 3182 368
889 3130 969 3185 Ovid.
996 3132 1049 3183 Ars
1072 3131 1134 3182 Am.

160 3168 213 3261 1’11,
232 3200 290 3253 674.
360 3200 418 3251 373
436 3203 478 3251 est
494 3199 607 3250 Horatii
623 3198 707 3265 Epid.
726 3198 749 3262 1,
769 3199 796 3261 4,
815 3200 855 3249 14.
925 3199 983 3252 374.
1004 3204 1049 3250 est
1066 3197 1136 3249 ovi·

160 3266 199 3317 dii
215 3267 269 3318 Ara
286 3266 375 3316 Amat.
393 3268 450 3329 111,
473 3268 539 3331 426,
564 3268 612 3331 qui
629 3271 748 3326 tamen,
751 3266 881 3329 ,minime‘
885 3265 990 3333 ‘legit
1072 3267 1148 3317 376..

161 3334 279 3386 Sensus:
298 3333 419 3386 dedecus
437 3334 508 3401 quod
526 3334 616 3385 infero
635 3331 761 3397 Graecis,
780 3333 848 3383 mihi
865 3332 951 3385 ultori
963 3338 1062 3399 raptae
1075 3334 1137 3385 He·

157 3416 263 3467 ayonae
282 3407 415 3468 tanquam
431 3401 584 3468 triumphus
604 3402 666 3456 erit
