2509 3917
408 197 470 249 nro.
490 201 522 251 v.
557 217 583 255 v.
602 202 746 252 ros-rso.
996 202 1057 267 757

129 348 219 410 Ρ7777
243 351 305 411 1777
328 350 425 412 media
447 370 481 411 77
504 352 680 414 tribulamur
703 372 746 416 ea.

85 433 171 494 Pone
193 435 263 514 quid
286 437 406 513 ingenio
430 435 561 514 rigamus
583 437 776 517 consilioque,

131 517 271 580 Pluribus
294 526 433 580 occurret
455 521 603 599 quomodo
626 540 720 601 pauca
742 523 868 584 manus?

85 601 155 663 Non
179 603 270 665 habet
290 605 369 665 unde
392 621 477 664 suum
501 613 662 684 paupertas
683 614 787 684 pascet
808 624 950 677 amorem,
1005 617 1055 669 775

131 688 212 750 llella
235 688 334 749 brevis
356 706 500 750 numerus
523 707 582 750 uon
605 690 697 751 1771777
718 691 798 751 unde
820 701 914 769 geret.

84 771 166 834 Hinc
189 776 214 834 si
236 773 383 851 prodierit
403 772 529 835 illustris
550 772 635 834 miles
656 776 687 835 in
708 777 804 851 Argos

130 857 209 928 Quot
232 860 282 937 qui
304 858 495 936 praecedent,
519 861 607 938 quire
630 866 802 939 sequentur,
826 862 933 921 erunt?

83 944 165 1004 Turn
188 942 265 1002 bene
288 942 372 1002 lortis
396 959 490 1022 equus
511 949 645 1003 reserato
668 961 789 1004 7777777
811 947 921 1014 777777;

130 1027 228 1098 Quum
252 1044 327 1105 quos
349 1035 526 1103 praetereat,
550 1045 682 1107 quosque
704 1036 853 1107 sequatur,
877 1028 976 1091 1771777.
1006 1038 1056 1090 770

83 1114 222 1174 Audaces
243 1111 276 1171 fit
298 1129 352 1190 per
375 1113 453 1171 acies
476 1111 616 1172 audacior
638 1112 743 1179 audax,

132 1197 256 1257 Sarsina
280 1195 378 1255 reddit
400 1213 474 1256 onus
496 1196 690 1275 praecipitata
713 1197 821 1257 minus.

85 1279 206 1343 Pendet
226 1280 257 1338 in
280 1280 328 1341 his
349 1282 465 1358 patriae
486 1299 543 1360 pax
567 1286 597 1340 et
618 1282 742 1341 victoria
760 1278 882 1357 *Trojae

130 1365 213 1436 Quos
233 1360 305 1424 771177
326 1364 356 1423 77
378 1370 480 1442 portas
501 1382 555 1444 pes
577 1364 720 1441 fugitivus
742 1363 817 1424 beri.
925 1383 927 1386 ·

87 1448 134 1510 Eu
158 1448 237 1528 quod
259 1451 291 1508 in
314 1448 442 1509 audaces
464 1465 523 1509 non
547 1455 592 1509 est
613 1448 737 1509 audacia
760 1454 823 1509 tuta
1004 1460 1054 1509 775

132 1534 297 1601 Sensimus,
322 1532 360 1593 ob
383 1530 463 1600 belli,
487 1532 566 1612 quod
589 1531 762 1610 toleramus,
785 1550 870 1592 onus.

86 1615 166 1686 Quis
188 1625 305 1678 mentes
327 1616 480 1678 revocabit
500 1618 570 1676 item
593 1616 784 1695 gladiumque
806 1615 917 1677 levabit

130 1700 274 1762 Hostibus
295 1703 326 1761 in
348 1700 482 1780 jugulum
505 1701 562 1760 7717
584 1702 668 1780 piare
690 1700 851 1781 probrum?

86 1786 247 1866 Egregium
270 1803 380 1865 eorpus
402 1792 447 1845 est
468 1787 553 1863 regni
576 1793 668 1865 tuque
689 1787 806 1862 tuique;

129 1869 238 1931 Nobile
261 1878 291 1930 tu
315 1877 403 1948 caput
426 1888 466 1938 es,
490 1867 593 1930 inolita
616 1869 751 1931 membra
773 1871 827 1930 tui.
1004 1881 1055 1930 780

86 1955 146 2017 Sed
170 1971 295 2016 numero
319 1952 408 2031 longo
429 1953 490 2015 lato
513 1954 676 2031 gaudemus
699 1961 727 2013 et
749 1953 818 2023 alto,

131 2039 295 2118 Tamquam
317 2040 446 2099 victores
468 2045 623 2118 compotus
644 2036 694 2098 ille
717 2045 807 2099 creet.

84 2124 130 2185 ’17
154 2139 314 2184 numerosa
337 2120 465 2201 phalanx
486 2122 668 2191 circumstat,
692 2129 723 2181 et
744 2139 814 2182 7777
837 2121 971 2185 videmus

133 2208 166 2267 ln
188 2215 273 2287 porta
295 2206 420 2274 Danaos,
444 2224 532 2266 nemo
554 2203 673 2284 repellit
695 2223 754 2266 eos.

88 2293 151 2354 Nos
173 2308 316 2352 numerus
337 2307 450 2360 snrnus,
474 2296 503 2349 et
524 2289 627 2368 fruges
649 2307 825 2350 consumere
848 2291 918 2357 nati,
1003 2300 1053 2350 785
1103 2291 1106 2295 ’

134 2375 200 2437 Non
224 2378 275 2454 qui
299 2374 458 2436 defendant
479 2373 571 2434 limen
593 2373 631 2434 ab
653 2375 739 2435 hoste
761 2376 829 2433 viri.

90 2459 158 2521 Non
182 2458 234 2519 tibi
257 2460 308 2520 sed
331 2458 417 2519 nobis
440 2456 584 2520 incumbit
606 2459 720 2518 crimen
743 2458 781 2528 id,
805 2476 823 2517 o
845 2458 911 2517 rex!

130 2544 237 2605 Effecit
259 2541 420 2604 tremulum
443 2560 495 2603 eor
517 2542 586 2620 luga
608 2550 710 2603 nostru
733 2549 827 2604 tuum.

85 2627 226 2690 Consiliis
247 2646 280 2688 es
302 2628 419 2695 auxiliis
441 2625 605 2688 laudandus
627 2636 657 2687 et
679 2627 777 2696 armis,

130 2711 235 2773 Stabat
256 2711 310 2772 sub
334 2710 432 2791 gladio
454 2713 551 2791 patria
573 2719 637 2771 tuta
661 2720 721 2772 tuo.
1002 2720 1053 2770 790

158 2947 216 2998 766.
236 2946 317 2999 07771.
335 2946 412 3000 Rem.
430 2948 489 3000 748.
557 2946 616 2997 769.
634 2947 674 2996 70.
694 2944 774 2999 07771.
786 2945 862 2995 Rem.
874 2948 932 3008 595,
953 2963 1053 3013 exque

86 3015 148 3065 loeo
166 3029 216 3079 pro
233 3014 322 3065 nostri
340 3018 413 3076 tnnc,
433 3013 503 3077 dum,
522 3014 663 3079 posuimus
676 3017 740 3076 tum,
759 3028 849 3077 quum.
903 3016 962 3066 772.
981 3015 1053 3079 (Ma-

86 3081 236 3144 ximianus)
255 3080 334 3146 Eleg.
351 3083 385 3144 V,
403 3083 437 3131 70

189 3148 354 3199 Intermissa
372 3148 461 3200 minus
479 3148 590 3199 7777777
608 3148 715 3213 pondus
732 3147 817 3197 1771777

85 3221 118 3268 77
135 3215 231 3271 Senot.
251 3231 334 3267 earm,
351 3215 440 3271 bucol.

189 3284 227 3333 Et
241 3283 336 3334 ‘divisa
354 3283 442 3334 miuus
460 3284 570 3333 7777777
588 3281 618 3332 177
636 3284 738 3347 gravis.

86 3352 145 3403 776.
164 3352 215 3403 07.
234 3350 301 3405 Μ77.
319 3351 352 3414 X,
372 3352 422 3402 544

241 3447 272 3455 -
291 3419 371 3468 —iu
388 3417 506 3468 audaces
524 3431 579 3467 nou
598 3422 641 3468 est
660 3417 777 3467 audacia
796 3421 865 3467 tuta.

83 3489 145 3538 078.
165 3487 256 3540 schol,
271 3486 356 3550 fugae
366 3490 479 3537 nostras
489 3484 608 3537 scilieet.
662 3486 721 3538 785.
739 3486 835 3535 Η7777.
845 3483 934 3548 Epist.
944 3483 966 3547 1,
976 3487 1000 3546 2,
1007 3487 1049 3536 27.
