2509 3917
197 176 241 242 50
513 179 575 229 mc
594 178 632 232 11.
667 194 692 232 v.
711 181 856 231 aer-eor.

199 330 262 391 Rex
284 328 432 391 Teuthras
453 330 585 389 occurrit
606 330 661 403 eis,
684 330 816 391 accurrit
837 328 976 399 Achilles,

242 413 322 475 ludit
344 422 373 475 et
394 413 503 473 illustri
525 411 648 474 vulnera
671 413 735 474 dira
758 413 835 474 duci.

198 498 256 559 Sed
279 496 430 576 Telephus
453 494 639 577 clypeo'nisi
661 500 840 575 protexisset
862 496 1000 567 eundem,

240 583 317 645 Huic
339 600 410 642 reor
433 589 599 642 extremum
623 583 682 642 iata
705 581 823 642 dedisse
846 580 942 649 diem:

197 665 329 748 Cumque
353 667 400 727 rei
421 664 489 727 talia
512 683 629 726 causam
654 672 817 728 scrutasset
838 661 968 726 ilchilles
1117 672 1167 721 825
1220 688 1224 693 ·

240 753 264 811 Α
287 749 420 829 Telepho
444 750 548 811 doctus
570 767 623 809 ore
646 751 679 810 lit
700 749 771 811 inde
792 747 886 809 hrevi.

198 835 330 896 Contulit
352 833 514 911 hospitium
536 833 611 893 mihi
633 832 792 908 Teuthras,
815 851 883 894 cum
905 848 981 911 puer
1004 849 1113 902 essem,

239 917 286 978 Me
309 926 396 997 pater
418 917 454 978 ad
478 934 571 994 regna
593 920 717 978 miserat
739 916 787 978 illa
810 934 907 987 meus:

80 1078 83 1079 ⁷
188 1002 323 1078 lnsuper
345 1018 362 1061 a
383 1018 457 1078 rege
479 1002 629 1081 quondam
651 1002 795 1062 Diomede
818 1001 958 1061 subactus

238 1085 289 1146 Sic
313 1092 385 1154 erat,
409 1093 443 1145 ut
463 1088 550 1161 regui
572 1087 714 1165 perderet
735 1103 805 1147 arva
828 1088 884 1147 sui.
1115 1093 1165 1142 330

195 1172 231 1230 lit
253 1188 338 1229 meus
360 1170 458 1229 occiso
480 1175 566 1249 pater
587 1170 673 1231 illum
695 1169 805 1230 liberat
826 1170 913 1230 hoste

244 1253 349 1314 Omnia
372 1256 533 1314 restituens
555 1251 681 1332 perdita,
704 1272 779 1333 pace
802 1252 884 1319 data:

195 1338 258 1399 lies
282 1357 317 1398 ea
338 1354 385 1398 me
407 1355 509 1415 regem
533 1337 638 1418 clypeo
660 1355 780 1398 servare
803 1338 909 1414 coegit,

241 1424 364 1502 decepti
385 1440 534 1482 memores
556 1439 610 1483 nos
632 1421 720 1482 decet
741 1439 806 1482 esse
828 1420 911 1482 honi.

195 1507 322 1567 Saucius
344 1506 380 1567 ad
403 1513 529 1567 mortem
553 1504 702 1567 Teuthras
724 1504 776 1566 ubi
797 1506 944 1584 comperit
964 1503 1043 1566 istud
1134 1576 1137 1581 Ι

240 1592 342 1650 hccito
364 1590 497 1668 Telepho
520 1588 629 1650 dehilis
652 1591 712 1650 exit
733 1590 763 1648 in
785 1588 858 1649 hoo:

196 1674 230 1734 ln
254 1692 346 1750 reguo
368 1691 495 1749 regnare
519 1691 585 1733 meo
607 1675 788 1733 fortissimus
810 1672 881 1733 olim

239 1757 286 1817 hle
308 1765 378 1817 tuus
400 1765 430 1815 et
454 1765 547 1816 tutum
571 1758 642 1816 lecit
663 1756 700 1817 ah
722 1757 808 1818 hoste
830 1764 926 1833 pater.

197 1841 297 1901 Gratia
319 1856 376 1918 pro
399 1839 489 1899 rehus
512 1842 618 1900 merito
642 1839 768 1901 dehetur
790 1836 910 1900 inemtis

240 1923 277 1983 Et
299 1921 374 1983 nihil
395 1925 510 2000 ingrato
533 1922 620 2001 pejus
643 1924 754 1985 hahere
777 1933 885 2003 potest.

194 2006 332 2068 Nondum
357 2008 518 2082 promerui,
542 2009 595 2069 sed
618 2025 697 2069 nunc
718 2026 774 2087 per
796 2026 882 2087 posse
905 2006 1054 2078 merebor,

235 2089 402 2150 Haeredem
425 2093 511 2168 regni
533 2099 563 2151 te
585 2092 731 2169 reputabo
754 2094 823 2151 mei.

192 2177 313 2253 Accipe,
337 2192 416 2252 pone
440 2184 490 2234 tuo
512 2176 611 2254 capiti,
636 2190 723 2255 quam
747 2184 843 2255 porto,
868 2193 1023 2243 coronam;

235 2258 359 2335 Statque
380 2258 437 2320 suh
461 2260 587 2338 imperio
610 2261 704 2337 patria
728 2267 787 2319 tota
810 2266 871 2319 tuo.

192 2343 272 2402 Dixit
294 2351 324 2402 et
346 2344 467 2404 inmites
489 2344 571 2404 filum
595 2361 706 2423 rupere
728 2361 847 2403 sorores

236 2427 275 2488 Et
297 2425 391 2488 subiit
413 2426 563 2507 Telephus
584 2424 739 2507 imperiale
762 2427 863 2491 decus.

189 2510 252 2571 Rex
275 2527 368 2571 novus
392 2512 525 2571 exanime
548 2512 679 2572 condivit
701 2519 833 2570 aromate
856 2527 964 2588 corpus

234 2595 271 2654 Et
292 2611 398 2671 regum
420 2612 503 2654 more
524 2597 640 2655 funeris
663 2596 723 2671 egit
746 2612 831 2672 opus.

190 2677 269 2739 Huic
292 2681 333 2737 ait
355 2677 512 2738 Aeacides:
538 2695 555 2736 o
578 2697 631 2738 rex
653 2679 774 2739 fortuna
795 2678 892 2739 heavit

234 2760 275 2821 Te
297 2764 407 2821 merito
429 2760 524 2830 donis,
547 2764 679 2839 praemia
702 2761 790 2840 digna
813 2764 901 2839 geris.

189 2843 251 2904 Nec
272 2845 440 2906 fortunatus
462 2863 494 2905 es
516 2845 606 2914 solus,
632 2845 748 2917 Dorica,
761 2855 858 2906 tecum

231 2928 295 2989 Hac
316 2937 459 3006 poterunt
480 2937 575 2990 castra
599 2932 797 3007 prosperitate
819 2931 891 2990 lrui.

190 3128 254 3161 uam
270 3112 411 3163 Teuthras
429 3113 485 3162 fuit
503 3129 551 3162 rex
570 3113 678 3175 Mysiae
697 3126 750 3162 non
766 3113 900 3162 Moesiae.
936 3111 978 3162 De
990 3113 1045 3164 hac
1058 3114 1164 3165 forma:

185 3179 293 3230 Moesia
313 3180 365 3230 cfr.
383 3179 521 3230 Dederich
540 3179 574 3229 ad
593 3180 669 3230 Diot.
687 3180 724 3233 11.
744 3182 757 3228 1
777 3180 848 3229 obss.

255 3249 316 3300 321.
335 3247 401 3303 Cod,
420 3247 551 3300 Teucras.
630 3248 688 3297 327.
707 3245 773 3298 (lod.
790 3246 920 3295 Teucrus.
989 3249 1050 3301 334.
1068 3249 1163 3300 Aaou.

186 3314 284 3369 Nevel.
302 3329 329 3378 p.
349 3317 407 3365 514.
425 3314 471 3369 lin,
491 3317 507 3364 h
526 3314 561 3363 oh
580 3312 662 3362 infre.
731 3315 790 3367 336,
813 3329 828 3363 e
847 3313 984 3376 margine:
1005 3315 1078 3365 exit:
1097 3331 1164 3380 pro:

188 3381 297 3447 „dixit“
354 3384 411 3435 339.
430 3380 525 3432 Ovidii
543 3384 585 3430 est
601 3379 662 3432 Am.
678 3380 701 3441 Ι,
721 3382 762 3440 10,
780 3382 822 3434 43.
891 3381 950 3438 347,
976 3380 1006 3430 in
1031 3383 1165 3448 margine

186 3448 326 3502 scholion:
345 3448 491 3514 Telephus.
564 3447 622 3497 349.
651 3445 716 3496 huic
742 3461 791 3511 pro
817 3447 881 3497 hiis.
