2509 3917
442 227 506 282 Lib.
523 227 569 278 VI.
606 244 632 282 v.
652 228 759 277 trs-le.

102 378 176 440 illis
200 377 354 458 paullatim
374 394 519 458 praeceps
541 378 665 440 audacie
687 381 781 439 crevit

159 463 319 542 Cordeque
341 461 532 539 languentem
555 463 726 524 dedidicere
750 472 872 523 metum.

101 548 158 608 nd
183 564 327 625 magnum
351 546 468 607 virtutis
490 565 565 625 opus
587 563 779 622 summosque
802 545 920 608 labores
1015 584 1019 590 -

158 632 292 693 Mentem
314 638 512 711 componunt:
532 630 610 694 nulla
635 630 748 709 pericla
770 634 885 692 timent.

105 715 252 776 Credunt
274 732 340 776 esse
363 716 448 776 nefas
470 717 602 776 animum
624 715 777 794 praeferre
799 715 917 793 pudori,

158 799 291 879 Plusque
313 798 410 860 solent
430 799 540 860 lamam
563 817 652 879 quam
676 799 810 859 timuisse
832 816 946 860 necem.
1053 810 1087 857 20

106 884 254 946 Pectoris
275 887 402 948 incursu
424 878 615 959 confringere
640 881 696 943 tela
718 891 887 962 peroptant,

159 969 211 1029 Sic
231 966 354 1029 titulum
378 983 503 1049 magnae
526 965 621 1029 leodis
643 967 679 1026 ad
702 974 781 1027 astra
803 965 911 1028 levant

108 1052 170 1113 Est
192 1051 273 1114 bona
297 1049 403 1114 militia
426 1050 533 1112 melior
553 1051 684 1118 fortuna,
707 1051 759 1111 sed
782 1054 863 1112 omni

159 1137 310 1217 Tempore
332 1137 461 1197 tironem
483 1152 543 1202 non
566 1134 646 1196 fovet
666 1134 715 1195 illa
738 1154 836 1216 suom.

105 1219 221 1282 Gloria
243 1223 269 1281 si
292 1218 419 1281 retrahit
440 1218 562 1289 vultum,
585 1221 705 1281 fortuna
727 1219 850 1289 recedit,

159 1305 199 1366 Et
220 1306 341 1382 gravius
364 1320 480 1366 summo
502 1302 632 1364 culmine
655 1321 753 1364 mersa
776 1311 875 1364 ruunt.

105 1383 207 1467 'l'roja
230 1386 323 1450 semel
343 1390 420 1449 istos
442 1406 501 1466 uon
524 1406 556 1448 es
579 1395 700 1466 experta
724 1386 851 1456 labores,

160 1473 233 1535 Sors
256 1490 332 1551 quae
354 1472 532 1534 multociens
553 1471 662 1532 accidit
683 1473 739 1533 ista
761 1471 828 1533 tihi.

282 1618 411 1689 [unum
428 1617 553 1673 racem
571 1616 669 1672 rrum
686 1617 921 1689 cosconius]

113 1726 207 1787 Pacis
230 1733 380 1785 amatores
400 1721 561 1784 intendunt
582 1741 658 1792 esse,
681 1727 782 1803 quiete

160 1809 279 1870 Ducere
301 1825 356 1887 per
378 1811 492 1887 patrios
514 1809 574 1869 otia
595 1808 671 1869 laeta
694 1809 781 1893 lares,

114 1894 234 1955 Uxores
256 1892 401 1953 redimire
423 1892 542 1970 probas,
566 1910 737 1971 puerosque
759 1892 908 1954 decennes

158 1976 198 2037 Et
219 1979 306 2055 qussi
329 1974 457 2053 dilapsas
478 1977 638 2037 conciliare
662 1976 775 2038 domos.

112 2060 181 2121 Sub
203 2079 263 2140 qua
285 2058 436 2128 decubuit,
459 2060 651 2136 requiescere
672 2059 777 2137 diligit,
801 2060 907 2121 umbra

159 2145 277 2205 Taurus
300 2150 330 2204 et
351 2144 493 2204 emissum
515 2146 633 2219 quaerit
655 2142 730 2204 ovile
752 2162 852 2223 pecus.

116 2226 240 2290 Dulcius
262 2229 292 2288 in
315 2227 410 2289 solitis
432 2234 531 2288 cantat
553 2227 710 2307 philomela
733 2226 856 2296 rubetis,
1047 2236 1081 2284 35

158 2312 291 2376 Eventus
313 2313 412 2372 varios
433 2329 483 2372 res
505 2328 579 2371 nova
602 2329 722 2391 semper
744 2310 843 2372 habet.

113 2396 270 2458 Litterulis
291 2395 441 2456 dominam
464 2394 508 2454 vel
531 2412 620 2473 saepe
642 2394 760 2464 salutat,
784 2405 817 2456 ut
839 2397 917 2455 inter

160 2480 278 2541 Funere
301 2487 346 2539 tot
367 2480 476 2541 totiens
496 2497 528 2539 se
550 2497 709 2557 superesse
730 2480 814 2540 sciat.

116 2563 213 2643 Saepe
235 2564 359 2625 remissa
382 2564 444 2622 viro
466 2561 599 2624 mulieris
622 2561 745 2642 epistola
768 2564 851 2625 dicit:

159 2646 209 2709 Nil
231 2646 303 2707 mihi
325 2646 484 2720 rescribas,
507 2653 635 2708 attamen
657 2649 721 2726 ipse
743 2648 823 2708 veni!
1049 2657 1084 2706 40

117 2732 193 2793 Nam
217 2748 397 2808 quamquam
421 2749 510 2809 sapor
531 2740 577 2791 est
598 2731 685 2792 allata
709 2732 804 2793 dulcis
827 2734 858 2791 in
882 2731 970 2799 unda,

161 2816 282 2876 Gratius
305 2833 339 2875 ex
362 2816 428 2894 ipso
451 2816 530 2875 lonte
555 2813 697 2876 bibuntur
718 2834 821 2894 aquae.

119 2951 323 2960 ,,-.-.--.-...-.-

185 3035 226 3084 15.
247 3035 286 3085 16.
306 3031 453 3082 Claudiani
476 3038 553 3081 sunt:
580 3031 615 3082 de
637 3038 709 3097 rapt.
732 3034 860 3098 Proserp.
883 3034 973 3098 prees.
995 3037 1081 3086 9.10.

117 3104 158 3154 16.
177 3100 244 3151 (iod.
264 3100 402 3154 dedicere.
457 3102 500 3149 30.
519 3115 568 3164 pro
587 3099 691 3150 ducunt
709 3100 767 3152 cod.
813 3105 854 3152 31.
873 3101 959 3166 glosa.
977 3101 1083 3167 allegat

115 3183 164 3233 per
186 3168 249 3228 hos,
274 3166 322 3231 qui
340 3164 373 3215 ds
392 3165 455 3216 eliis
473 3166 632 3233 regionibus
650 3169 760 3219 evocati
774 3166 834 3230 jem
852 3184 902 3233 per
919 3169 1084 3219 decennium

100 3239 250 3290 steterunt
267 3237 365 3285 contre
382 3230 512 3290 Graecos.
580 3235 690 3290 33-35.
709 3232 843 3301 (Maxim.)
861 3237 884 3299 1,
906 3238 1017 3300 45-47,
1035 3237 1084 3288 ubi

115 3311 208 3353 temen
226 3302 330 3366 primus
346 3315 457 3351 versus:

195 3369 252 3420 Sub
270 3384 324 3433 qua
341 3367 473 3419 decubuit
490 3369 677 3433 requiescens,
696 3368 789 3435 diligit
805 3370 927 3421 umbram
946 3375 999 3425 etc.

115 3438 160 3489 36.
177 3435 312 3499 (Maxim.)
330 3437 352 3495 I,
371 3437 412 3486 52.
498 3436 539 3487 88.
556 3451 661 3503 margo.
679 3437 782 3501 probet.
865 3439 908 3490 40.
926 3438 1021 3489 Ovidii
1039 3445 1084 3491 est

116 3504 230 3556 Heroid.
248 3504 272 3570 1,
291 3504 316 3552 2.
384 3504 425 3559 41.
443 3505 484 3553 42.
504 3500 599 3553 Ovidii
617 3506 699 3554 Pont.
719 3503 769 3565 111,
788 3506 813 3564 5,
832 3506 871 3558 17.
891 3504 930 3559 18.
