2509 3917
522 213 672 328 Praeqelio.
1030 233 1083 280 vn

120 369 149 423 et
163 356 443 442 connuncupatam
455 368 590 427 novimus
605 374 633 427 et
649 375 836 428 transeamus
851 368 887 428 ad
903 368 1082 439 „Troilum“

120 464 206 527 quern
231 446 269 508 ab
290 447 413 509 Alberto
435 451 593 529 scriptum,
625 469 693 511 curn
721 470 757 511 cx
780 452 1027 532 inscriptionibus
1050 458 1081 516 in

119 530 217 592 lronte
240 534 333 594 totius
355 535 454 612 operis
476 543 565 613 atque
586 543 655 595 ante
677 536 861 615 prooemium
884 538 1024 618 adJ'ectis:
1055 585 1058 592 .

163 620 330 685 „decessus
352 619 389 679 in.
405 617 538 679 Troilum
563 621 696 695 magistri
717 618 853 681 liberti‘

130 716 137 724 ·
159 700 291 781 „lucipit
312 704 498 781 prooemium
513 704 544 764 in
560 704 694 765 Troilum
710 706 843 782 magistri
857 704 970 767 liberti
986 705 1080 768 abba·

203 787 242 846 tis
271 786 397 848 Sanctae
425 786 533 848 Mariae
566 790 596 847 in
624 788 742 858 Stadio,
775 792 827 869 qni
855 799 957 869 postea
986 793 1082 853 lactus

203 877 249 930 est
270 869 362 931 irater
384 872 503 931 minor‘

118 959 181 1013 tum
205 973 241 1015 ex
263 954 328 1015 loco
350 957 490 1020 carminis
519 955 579 1034 (lib.
604 957 641 1017 Vl
662 976 688 1016 v.
713 953 775 1018 670
797 960 874 1037 sqq.)
899 968 1037 1039 apparet:

161 1036 314 1115 „Virginis
336 1057 352 1098 a
375 1048 463 1119 partu
485 1041 542 1101 duc
566 1059 660 1102 annos
682 1039 762 1101 mille
785 1041 930 1103 ducentos

206 1122 242 1183 Et
264 1124 471 1202 quadragenos
492 1124 541 1185 hic
562 1126 703 1186 sociando
725 1143 841 1192 novem,

160 1207 278 1268 Prodiit
298 1210 330 1269 iu
351 1207 460 1283 lucem,
483 1216 555 1270 tunc
577 1209 673 1271 editus
694 1209 745 1270 ille
767 1210 895 1281 libellus,

203 1290 298 1362 Quam
320 1295 413 1354 miser
436 1301 482 1354 est
503 1294 632 1355 mundus
653 1296 804 1355 insinuare
828 1293 937 1357 volens.

161 1376 276 1438 Forsan
300 1376 384 1437 adest
407 1377 515 1455 aliquis
537 1379 685 1457 dicetque,
709 1382 776 1458 quis
798 1379 890 1440 edidit
911 1381 1015 1442 illumi

202 1460 262 1521 lsta
285 1464 452 1541 requirenti
474 1462 601 1524 reddere
623 1463 713 1524 verba
734 1471 829 1540 potes.

157 1544 323 1605 Ecclesiam
344 1547 402 1607 scis
423 1548 454 1606 in
478 1547 588 1616 stadio,
611 1565 701 1626 quam
723 1549 852 1626 protegit
873 1547 934 1618 alis,

203 1629 276 1690 Nam
300 1638 390 1709 caput
412 1640 457 1691 est
478 1631 551 1711 ejus,
576 1632 658 1709 virgo
680 1631 767 1691 beata
790 1634 863 1692 suis.

156 1713 218 1784 Qui
239 1713 387 1796 scribens:
411 1717 441 1775 in
464 1717 613 1795 principio
638 1716 760 1777 verbum
783 1734 855 1777 caro
878 1719 989 1778 lactum

201 1795 326 1869 lntonet‘,
349 1799 431 1881 illins
453 1800 490 1860 ad
512 1800 589 1861 latus
611 1798 661 1861 ille
684 1800 770 1861 volat.

156 1880 272 1943 Prodiit
294 1902 329 1945 ex
351 1883 443 1945 rutilo
465 1902 570 1946 roseus
591 1883 676 1946 locus
698 1884 747 1945 ille
769 1891 878 1955 roseto,

119 2027 130 2033 ,
201 1966 331 2045 Ingenua
353 1977 477 2029 matrem
499 1969 653 2031 nobilitate
676 1986 814 2047 sequens.

155 2051 210 2112 Sic
232 2051 367 2113 florendo
390 2056 501 2131 vigent,
524 2063 555 2115 ut
577 2054 679 2123 odore,
703 2053 811 2123 colore,
833 2072 941 2133 sapore

204 2135 360 2214 Nunquam
383 2138 576 2215 degenerent,
600 2139 648 2202 hic
671 2138 766 2199 tribus
789 2137 878 2199 ambo
900 2138 1028 2215 placent,

157 2221 350 2301 splendescit
371 2223 481 2284 virtute
504 2222 596 2291 color,
621 2222 817 2301 doctrinaque
838 2239 964 2299 pascens

203 2306 255 2366 Est
276 2323 365 2386 sapor
388 2315 418 2368 et
440 2306 535 2367 laruae
558 2306 689 2367 balsama
711 2309 824 2385 spargit
846 2307 929 2366 odor.

157 2389 306 2451 Abbatem
329 2393 405 2451 nosti
427 2392 587 2460 Turicum,
611 2393 660 2451 cni
682 2391 765 2451 dedit
787 2389 856 2450 olim

203 2472 353 2536 Ecclesiae
376 2474 472 2536 dictae
494 2478 576 2554 virgo
597 2476 806 2556 patrocinium.

160 2560 217 2621 Cui
239 2561 332 2620 virtus
346 2562 483 2621 animam
505 2561 636 2630 decorat,
660 2561 798 2621 facundia
821 2558 963 2636 linguam,

203 2643 376 2723 Dapsilitate
399 2648 483 2714 nitet,
509 2646 636 2706 utilitate
657 2646 743 2704 viret.

161 2728 214 2791 llle
236 2745 306 2789 suos
328 2729 478 2808 quondam
502 2748 562 2789 000
585 2728 708 2790 ultimus
730 2730 808 2789 inter
830 2729 940 2789 amicos

202 2818 277 2876 Ante
300 2813 396 2873 virum
421 2811 518 2882 talem,
542 2814 591 2893 qui
615 2814 683 2873 tulit
705 2812 770 2892 ejus
792 2829 876 2881 onus,

157 2897 258 2959 Edidit
280 2896 360 2982 bunc
382 2905 465 2958 sexto
488 2899 604 2959 finitum
627 2916 729 2958 mense
751 2894 894 2966 libellum,

203 2983 256 3043 Cui
277 2990 376 3043 tamen
398 2981 455 3042 linc
479 2990 595 3060 tempus
617 2999 747 3061 syncopa
770 2981 860 3042 multa
884 2981 960 3041 tulit.

159 3067 297 3129 Correxit
319 3067 474 3145 pigritans.
500 3066 596 3127 Labor
618 3068 677 3136 hic,
700 3084 789 3145 quam
811 3064 944 3126 scribere
965 3066 1061 3145 major

151 3219 155 3224 .
202 3153 239 3212 nt
261 3159 414 3212 corrector
436 3153 490 3211 ait:
514 3152 574 3212 sint
596 3160 647 3211 tuo
670 3153 754 3229 siqua
779 3148 907 3211 valent.“

202 3236 255 3297 llis
286 3235 437 3306 versibus,
468 3253 553 3296 rnore
580 3233 661 3297 illius
689 3237 806 3304 aetatis,
840 3252 948 3295 nomen
979 3244 1082 3297 auctor

114 3317 319 3389 abscondidit,
350 3321 430 3398 quod
457 3329 556 3381 tamen
587 3319 663 3382 duce
691 3318 824 3398 catalogo
853 3317 993 3380 abbatum
1016 3319 1081 3380 Sta·

115 3401 253 3466 densium
285 3404 412 3466 laciliter
435 3405 500 3465 erui
523 3406 632 3483 potuit,
657 3422 724 3465 nam
748 3401 952 3463 Theudoricus
975 3402 1081 3484 (Tirri-
1131 3435 1135 3441 ·

115 3489 182 3567 cus)
204 3489 349 3551 successit
372 3497 474 3550 nostro
496 3488 616 3550 olberto
639 3487 738 3549 abbati
763 3484 853 3546 1242.
899 3486 1081 3550 1101000111-
