2509 3917
412 217 472 272 nro.
489 217 512 267 1.
548 233 573 270 v.
593 218 736 269 err-los.
972 277 976 285 ,
1016 216 1059 280 23

135 398 280 484 QUIDAM
298 397 477 464 SUADENT,
496 396 642 463 QUIDAM
659 398 738 452 NON
755 398 843 452 lulum
860 396 1013 453 PARIDIS.
1109 405 1113 412 '

94 503 263 585 Deiphobus
285 502 400 584 pridem
423 502 636 565 commendans
657 505 767 583 inquit:
791 502 827 564 ad
849 505 903 564 ista

135 590 280 651 Effectum
303 587 400 649 Paridi
423 586 546 649 consulo
569 593 634 647 vota
658 587 734 648 dari.

95 677 157 756 lpse
179 675 219 734 sit
241 674 271 733 iu
295 691 381 733 causa
405 672 559 743 vexillifer,
583 674 649 752 ipse
672 673 812 750 magister

135 759 259 828 Causae,
282 757 353 818 dent
374 775 504 842 operam,
528 774 602 833 quos
624 766 720 824 vocat,
744 755 821 817 hanc
837 764 866 817 et
881 774 980 838 opem.
1007 765 1059 815 380

98 844 158 905 Non
181 842 282 920 placet
302 841 376 902 baec
398 840 511 901 Heleno
534 843 699 902 sententia:
722 859 772 901 res
795 860 828 902 ea
852 859 952 902 secum

68 927 72 934 ’
137 927 168 987 Si
190 934 363 1004 peragatur,
388 928 437 993 ait,
460 927 588 987 maxima
611 924 718 986 damna
741 924 841 986 trahit.

95 1010 127 1071 Si
147 1009 231 1071 Paris
254 1029 289 1071 ex
313 1010 434 1070 Graecis
456 1028 579 1072 uxorem
603 1010 722 1070 duxerit
744 1011 815 1078 oris,

135 1092 291 1167 Excidium
313 1094 421 1155 Troiae
444 1094 532 1155 ducet
555 1102 585 1156 et
605 1112 693 1155 omne
715 1094 836 1155 malum.

96 1178 206 1240 Graeca
230 1196 334 1239 manus
358 1186 418 1239 tota
442 1186 509 1239 ruet
530 1181 561 1239 in
584 1178 752 1258 Phrygiam,
776 1179 833 1239 nisi
855 1178 933 1240 tritis
1010 1188 1061 1239 385

137 1262 281 1324 Omnibus
304 1263 338 1322 ad
362 1271 459 1323 terras
480 1262 640 1324 irredilura
664 1280 745 1324 suas.

96 1348 133 1406 At
152 1344 273 1408 Troilus
296 1354 363 1407 natu
387 1348 541 1416 minimum
565 1365 625 1407 non
647 1346 760 1408 viribus
782 1349 912 1425 impar„

137 1431 233 1492 Mente
257 1448 313 1492 nec
333 1432 458 1491 inferior
480 1431 608 1492 Hectore
631 1433 710 1493 latur
731 1433 787 1492 ita:

99 1514 187 1575 betur
209 1514 378 1576 Alexandro
400 1515 472 1582 laus.
497 1516 585 1576 detur
608 1514 771 1594 Deiphobo,
794 1518 846 1595 qui

138 1598 256 1659 Laudes
277 1601 397 1678 ingenio
420 1617 613 1679 promeruere
637 1617 701 1664 suo.
1011 1608 1063 1657 390

102 1683 180 1744 Unus
202 1684 239 1745 ad
263 1683 319 1744 hoc
342 1683 452 1745 bellum
474 1702 506 1745 se
529 1683 664 1763 praebet,
688 1690 717 1744 et
739 1682 885 1764 approbat
907 1681 993 1753 alter,

138 1766 203 1827 Non
227 1775 310 1828 caret
333 1768 441 1830 ellectu
464 1768 543 1847 quod
565 1769 688 1830 voluere
710 1767 779 1829 (luo.

27 1857 29 1918 ξ
99 1851 160 1926 Nou
182 1851 274 1913 debet
294 1870 344 1913 res
366 1856 397 1913 in
420 1852 525 1915 Heleni
547 1852 712 1914 subsistere
734 1850 836 1921 verbo,

27 1921 29 2006 ξ
139 1935 284 2005 Deterret,
308 1954 397 2014 saepe
420 1945 518 1998 terror
540 1936 654 1998 honore
677 1944 768 1997 caret.

27 2031 28 2036 ’
101 2018 266 2096 Degeneres
288 2022 440 2098 trepidant
462 2022 551 2082 animi
574 2019 734 2101 pejoraque
758 2029 885 2090 versant,
910 2076 917 2082 .
1012 2028 1063 2078 396

27 2151 28 2154 ,
139 2103 192 2164 liat
214 2122 299 2166 mare
322 2123 411 2185 saepe
433 2113 538 2173 metus,
562 2105 641 2166 nulla
664 2104 776 2185 pericla
800 2112 909 2166 tamen.

102 2186 264 2266 Desperare
287 2197 382 2259 nocet,
407 2187 529 2251 dubium
552 2189 670 2251 dimitte
693 2192 844 2251 timorem:

141 2271 234 2353 Saepe
258 2273 328 2335 lacit
350 2275 442 2334 metui
465 2290 524 2334 uon
546 2275 703 2336 metuenda
726 2283 831 2335 melus.

104 2354 138 2416 llt
158 2357 250 2419 verbo
273 2365 354 2419 stent
374 2358 466 2419 multa
487 2357 581 2427 brevi,
604 2361 696 2419 timor
718 2359 783 2436 ipse
807 2355 952 2416 malorum

142 2440 237 2522 Saepe
259 2460 458 2521 supervacuos
480 2444 560 2520 cogit
582 2441 693 2502 habere
716 2449 821 2501 metus.
1010 2447 1064 2498 400

102 2524 315 2603 Aggrediamur
337 2546 423 2607 opus,
447 2525 520 2588 nibil
544 2524 770 2605 impenetrabile
793 2526 877 2591 lorti;

143 2611 294 2673 Audentes
315 2611 442 2690 legimus
465 2612 543 2690 quod
567 2614 648 2672 iurat
670 2613 733 2688 ipse
755 2609 838 2669 deus

103 2690 248 2756 Classibus
269 2703 303 2756 ut
324 2697 412 2757 lactis
434 2697 571 2775 pulsetur
593 2696 725 2762 Graecia,
750 2694 855 2755 manda

104 2825 301 2840 -ιιι--ι--ι-

166 2896 224 2947 380.
245 2895 320 2950 dunt.
389 2897 448 2948 384.
467 2913 481 2946 e
499 2878 623 2960 margine
642 2908 691 2959 pro
710 2893 835 2957 „trone“.
904 2896 964 2945 392.
983 2892 1065 2943 Ovid.

105 2958 189 3016 Amor.
205 2963 245 3027 11,
261 2966 287 3027 3,
307 2965 346 3014 16.
398 2965 459 3019 395,
470 2964 573 3013 Luoen.
591 2961 690 3013 Phars.
708 2961 756 3020 IV,
775 2962 809 3011 90
827 2966 879 3025 est,
897 2978 930 3010 ex
949 2977 1002 3025 quo
1019 2976 1066 3026 po·

106 3028 214 3079 animus:
229 3034 319 3096 „trop
329 3029 422 3081 enim“
433 3046 483 3096 pro
493 3046 537 3080 en.
547 3035 616 3095 trep.
663 3029 721 3080 396.
732 3028 902 3094 Pamphilus.
914 3028 989 3093 XLI,
1000 3044 1027 3079 v.
1041 3028 1065 3076 6.
1149 3037 1150 3040 ’

101 3094 158 3147 -397,
175 3096 216 3146 Ex
234 3098 371 3163 margine,
390 3099 449 3148 cod.
469 3113 603 3164 reparare
623 3098 673 3147 cfr.
691 3096 829 3159 Pamphil.
848 3094 960 3158 XXXV,
978 3098 1002 3149 3.

210 3164 358 3230 desperare
376 3170 467 3229 nocet,
486 3171 579 3216 votum
597 3164 677 3216 labor
694 3163 835 3229 improbus
851 3163 955 3229 implet.

103 3226 159 3279 398.
176 3229 264 3281 Anon.
283 3231 380 3283 Nerei.
398 3248 424 3295 p.
443 3234 502 3283 ooo.
519 3233 567 3282 lin.
587 3235 602 3283 'l
622 3232 657 3282 ab
676 3231 758 3284 infre.
849 3234 907 3283 399.
923 3233 982 3282 400.
1000 3230 1067 3281 Ovi·

104 3291 220 3411 (liipunt
238 3314 271 3349 ex
289 3300 368 3351 Pont.
388 3300 426 3362 11,
445 3302 470 3363 7,
489 3302 513 3351 5.
527 3302 552 3353 6.
604 3301 663 3354 401.
681 3297 1066 3359 Alan.Antielauu.Lib.11,

107 3374 131 3422 p-
163 3365 185 3413 6.
204 3365 252 3420 lin.
271 3366 311 3416 21.

227 3433 428 3499 Aggrediamur
446 3448 529 3499 opust
548 3433 645 3485 melior
664 3434 776 3485 fortune
795 3437 936 3497 sequetur.

104 3492 159 3545 402.
174 3497 251 3566 Virg.
270 3502 339 3552 Aen.
360 3504 396 3564 X,
412 3502 473 3554 284.
