2509 3917
190 167 230 233 18
496 167 561 221 uro,
578 165 602 219 1.
636 181 663 220 v.
680 167 826 217 ees-eoa.

232 319 346 381 Debeat
368 324 400 379 ut
422 316 473 379 tali
495 319 579 396 virgo
603 317 711 379 decora
734 317 813 386 dart;

188 405 278 468 Facta
302 403 419 482 quidem
443 400 525 464 vobis
547 421 607 464 non
631 412 677 463 est
699 403 818 470 iniuria,
841 403 974 480 primum
1108 410 1163 460 225
1247 421 1248 472 j

230 488 346 550 Prodiit
367 506 384 548 a
406 494 505 547 vestro
528 486 730 548 Laomedonte
751 485 860 547 scetus.

188 573 331 634 Venimus
352 574 384 633 in
406 588 490 652 pace,
513 571 623 651 repulit
646 588 701 631 nos
724 569 906 632 dedecorosa

231 658 356 719 Nostros
377 656 538 718 intendens
560 658 713 733 exagitare
736 656 814 733 tuga.

189 742 269 803 Siste
290 741 431 819 gradum:
455 758 516 800 non
539 747 591 809 est,
615 739 696 819 quod
718 739 781 800 iers
803 740 833 799 in
855 745 988 814 pectore,
1012 747 1150 816 gratum

230 827 391 905 imposui.
413 824 543 894 rediens,
567 824 711 885 contrahe
733 823 797 883 vela
821 823 876 884 tui.
1108 831 1163 880 230

187 910 237 975 Nil
260 910 385 971 credens
408 917 516 976 actum,
538 916 600 968 tum
623 908 696 988 quid
719 915 892 985 superesset
913 906 1062 985 agendum

232 1000 363 1055 Antenor
386 992 486 1053 differt
508 993 657 1053 velificare
681 992 813 1052 domum.

189 1080 324 1142 Nestoris
346 1076 519 1160 aggreditur
541 1075 725 1147 habitacula;
747 1078 886 1145 nuncius,
909 1076 1015 1155 inquit,
1243 913 1249 1184 i

232 1164 275 1224 Ad
298 1169 413 1223 vestros
436 1163 503 1221 veni
526 1159 701 1222 velificando
723 1161 810 1221 lares.

191 1246 347 1327 Supplicat
367 1246 534 1325 Hesyonem
557 1262 612 1305 rex
635 1244 729 1314 reddi,
754 1244 861 1306 damna
884 1241 1010 1305 tacendo
1108 1252 1162 1300 235

233 1332 302 1392 Vult
325 1332 458 1410 reprimi,
482 1329 578 1408 pudor
601 1339 646 1390 est
667 1328 813 1390 ulteriora
836 1326 927 1407 ioqui.

190 1417 253 1478 Hac
275 1419 339 1477 rice
362 1416 399 1475 de
422 1413 543 1493 praeda,
567 1414 608 1486 de,
627 1415 707 1490 regis
730 1423 827 1474 morte
849 1419 991 1481 tacemus,

234 1502 285 1562 Est
306 1517 396 1580 graue
419 1499 498 1577 quod
521 1496 618 1559 doleat
640 1514 875 1558 commemorare
897 1496 956 1557 diu.

190 1586 305 1654 Omnia,
329 1602 384 1645 rex
406 1584 485 1657 dicit,
509 1601 584 1662 quae
607 1590 676 1643 snut
697 1580 777 1643 iliata
800 1579 946 1661 probrose

169 1715 172 1716 ν
233 1669 264 1731 Si
286 1669 376 1729 inerit
398 1670 481 1745 virgo
503 1666 628 1736 reddita,
652 1668 734 1746 pacis
757 1675 854 1726 erunt.
1109 1673 1162 1722 240

189 1754 248 1816 nat
272 1753 361 1812 nimis
384 1759 439 1819 est,
462 1749 551 1828 quod,
576 1753 680 1819 amice,
703 1752 795 1828 petis!
818 1745 1002 1812 moderatius
1024 1745 1110 1829 optaJ;

234 1838 278 1897 Sit
301 1835 406 1895 domus
428 1831 583 1914 Hesyonae
606 1834 722 1903 Grecis,
746 1834 855 1894 Nestor
877 1834 927 1894 ait.

192 1922 246 1983 Dic
268 1925 367 1982 tamen
391 1921 516 1987 interea,
540 1936 632 1997 quum
655 1926 684 1977 te
706 1918 812 1979 fiducia
834 1918 946 1979 nostris

234 2004 390 2084 Appuierit
411 2001 534 2071 laribus,
556 2002 672 2081 pacifici
696 2020 734 2064 ne
756 2004 878 2064 sumusi

194 2089 341 2151 Ulteriora
364 2086 445 2164 loqui
466 2084 565 2165 pudor
587 2094 633 2147 est
655 2085 719 2154 tibi,
744 2086 792 2148 dic
814 2105 878 2165 age,
901 2105 1009 2165 magno
1110 2096 1161 2146 245

234 2172 354 2249 Absque
377 2170 491 2231 rubore
513 2168 594 2251 loqui
617 2188 697 2231 nunc
719 2170 797 2232 mala
819 2181 920 2233 nostra
943 2190 1032 2252 queo.

191 2257 308 2325 Nescis,
332 2274 407 2334 quae
430 2256 522 2316 fuerit
542 2254 622 2315 iliata
646 2255 792 2317 calumnia
816 2255 937 2317 Graecis

226 2339 301 2403 .Iam
324 2349 389 2402 tum
410 2339 541 2419 pacificis
562 2342 594 2399 in
618 2338 779 2400 Simoentis
802 2342 903 2420 aquis?

192 2426 343 2503 Numquid
366 2444 398 2485 es
419 2422 531 2485 oblitus
552 2421 632 2502 quod
655 2424 799 2485 Graecam
821 2442 875 2485 rex
898 2431 966 2487 tuus
988 2424 1059 2485 oiim

236 2511 279 2571 Ex
301 2510 428 2588 Phrygia
450 2508 536 2587 jussit
558 2509 642 2568 ocius
664 2504 711 2568 ire
733 2509 846 2568 ratem?
1109 2518 1162 2568 250

191 2593 308 2658 Excidit
332 2610 366 2652 ex
391 2594 489 2654 animo
511 2591 575 2659 tibi,
599 2591 748 2668 quomodo
770 2600 829 2652 tam
852 2591 951 2654 subito
973 2612 1029 2653 nos

235 2675 374 2740 Gedendo
398 2676 546 2753 quondam
570 2676 746 2736 sustinuisse
768 2677 885 2754 fugam?

193 2764 296 2829 Gedas,
321 2778 359 2821 ne
381 2767 512 2821 nostram
536 2767 586 2821 tua
608 2760 745 2820 mordeat
767 2779 876 2821 ancora
898 2769 1011 2822 terram

235 2847 356 2916 Ferrea,
380 2862 429 2905 res
452 2844 596 2923 Phrygias
618 2844 731 2906 Graeca
753 2846 866 2906 refutat
886 2846 1003 2907 humus.

193 2934 256 2995 Rex
279 2939 348 2991 tuus
369 2937 414 2990 est
428 2929 573 2998 Priamus,
597 2928 706 3007 gaudet
721 2945 840 3006 quoque
856 2931 980 2991 Graecia
995 2948 1076 3008 rege,
1110 2940 1164 2990 255

237 3019 280 3077 An
303 3016 400 3075 nescis
422 3012 525 3091 longas
546 3013 670 3091 regibus
693 3032 758 3075 esse
780 3015 907 3075 manus?

193 3167 397 3181 ,,,,,........-..-

261 3251 319 3302 226.
338 3248 406 3301 Msc.
424 3255 526 3300 nostro.
595 3252 654 3300 241.
674 3251 726 3303 Or.
747 3267 770 3301 e.
788 3253 867 3305 Pont.
886 3252 910 3313 Ι,
928 3253 953 3314 8,
974 3252 1014 3302 71.
1245 3287 1246 3296 ,

244 3318 286 3368 Ah
304 3317 416 3367 nimium
435 3322 487 3380 est,
507 3316 588 3382 quod,
608 3318 703 3381 emico,
723 3320 810 3382 petis!
829 3318 1000 3370 moderatius
1019 3323 1099 3383 opta:
1245 3327 1246 3368 t

192 3389 251 3439 not.
274 3385 340 3438 Msc.
360 3384 462 3449 repetit
480 3384 614 3451 anchora,
640 3386 699 3437 sine
718 3401 815 3448 sensu,
838 3402 888 3451 pro
906 3403 961 3452 qua
979 3387 1160 3452 scripsimus:

191 3456 294 3514 terrea.
364 3452 424 3504 266.
442 3451 536 3504 Ovidii
555 3460 598 3505 est
616 3453 731 3504 Heroid.
749 3453 837 3517 XVII,
856 3455 912 3505 166.
