2509 3917
172 200 212 265 76
472 201 536 252 Lib.
553 200 605 252 111.
640 215 667 251 v.
686 200 830 250 lor—194.

172 354 216 414 Ad
239 370 348 431 pausas
369 372 385 413 a
408 362 507 430 strage
530 368 636 413 manus
658 361 729 412 tunc
751 353 848 431 primo
870 357 1002 420 vocatur,

214 438 343 516 vaginas
364 446 480 498 veteres
502 435 599 497 induit
620 438 700 496 ensis
722 434 825 496 hebes.
940 455 946 465 ·

173 521 295 600 Trojeni
317 519 436 600 Trojam
458 521 590 582 subeunt
611 519 722 580 sudore
743 520 861 597 nigrati,

215 606 367 684 Sanguine
388 607 553 684 conspersi,
577 603 726 665 debilitate
748 604 835 683 pigri.
1093 610 1144 658 rto

174 690 277 752 Castra
299 698 405 768 petunt
426 690 532 752 Graeci
554 687 730 766 Phrygibus,
753 689 777 748 si
800 685 916 765 singula
938 704 1057 765 penses,

215 774 376 851 Sanguine,
400 774 519 842 sudore,
543 773 696 834 debilitate
718 789 816 850 pares.

404 1003 528 1058 VERBA
545 1002 654 1058 REGIS
673 1001 908 1058 GRAECORUM.

171 1143 239 1203 Rex
265 1141 398 1203 Danaum
421 1140 565 1222 loquitur:
588 1140 747 1203 'lrabeatis
770 1159 836 1203 esse
858 1148 1015 1203 cruentum

218 1225 250 1285 ln
273 1224 363 1288 hellis
385 1227 460 1286 vitae
483 1227 664 1300 continuare,
680 1233 800 1286 statum.

172 1310 290 1370 loterea
313 1312 457 1391 queritur,
481 1312 547 1389 quis
568 1317 670 1372 tantae
693 1310 827 1386 pondera
849 1309 936 1371 molis

217 1393 343 1475 Semper
366 1392 410 1455 rel
433 1393 528 1455 valeat
549 1393 594 1454 vel
616 1394 747 1456 tolerare
768 1393 849 1456 velit.

173 1478 264 1540 hlillia
286 1478 388 1548 multa,
412 1479 515 1548 relert,
539 1497 555 1538 e
577 1481 688 1540 nostris
711 1486 804 1540 strata
827 1477 931 1538 videtis

217 1563 396 1624 lntumulate
418 1563 526 1642 jacent,
550 1565 618 1644 quis
640 1563 768 1643 sepelire
789 1564 906 1642 potent

175 1647 290 1707 Lunam
313 1645 456 1716 consiliis,
479 1647 573 1707 solem
596 1649 800 1709 consumimus
823 1648 923 1722 armis,

219 1730 256 1789 Et
273 1739 430 1807 'nunquam
452 1748 595 1809 proceres
616 1730 729 1810 ahsque
750 1730 854 1793 labore
876 1748 988 1792 sumus.

174 1816 211 1874 tt
234 1816 286 1890 qui
307 1817 350 1873 vis
372 1814 455 1873 coelo
477 1818 599 1893 tegitur,
623 1818 674 1895 qui
696 1833 756 1876 non
779 1814 869 1876 hahet
891 1831 1007 1884 urnam,

217 1896 407 1976 Sarcophago
429 1898 508 1969 solis,
532 1897 598 1978 plus
620 1900 698 1961 valet
720 1917 792 1960 urna
816 1898 880 1960 soli.

174 1981 291 2042 Mortua
316 1980 434 2042 defosso
457 1980 635 2044 clauduntur
656 1983 791 2045 membra
814 1980 984 2062 sepulchro,

217 2064 260 2125 Ne
283 2064 381 2126 laedat
402 2067 482 2127 uros
504 2067 572 2129 tabe
594 2068 691 2130 soluta
713 2086 799 2128 caro:

176 2151 262 2211 Unde
284 2150 380 2220 dccet,
404 2160 525 2213 nostros
546 2160 580 2214 ut
601 2152 809 2214 subterremus
831 2152 951 2221 amicos,

221 2234 293 2296 Cum
318 2235 427 2314 quihus
450 2243 479 2296 et
501 2236 637 2314 quando?
660 2235 827 2316 quomodo?
848 2243 966 2315 tempus
989 2233 1090 2305 abesl;

176 2317 282 2399 Nilque
304 2321 420 2381 relerrc
442 2323 513 2386 scio,
538 2320 683 2392 tabesne
705 2321 847 2381 cadavera
871 2317 973 2388 solvat,

218 2406 261 2465 ho
285 2421 359 2481 rogo
381 2413 506 2465 urentur
527 2413 663 2485 ternpore
685 2422 744 2485 quo
765 2404 811 2464 rel
833 2403 904 2464 ubil

177 2488 359 2549 Vulneribus
380 2490 445 2549 heri
468 2488 592 2549 deberet
615 2489 700 2550 docta
723 2487 850 2558 medela,

218 2571 308 2633 Docta
330 2572 381 2633 scd
405 2581 436 2633 et
457 2573 553 2633 subita
577 2572 684 2635 damna
707 2573 844 2634 trahente
866 2589 960 2633 mora.
1096 2581 1148 2630 190

177 2655 251 2723 Vidi,
274 2655 353 2734 quod
375 2657 475 2717 luerat
496 2658 594 2735 primo
616 2656 761 2728 curabile,
783 2655 890 2717 vulnus

215 2737 403 2816 Dilatumque
426 2757 528 2800 morae
550 2741 657 2802 damna
681 2741 784 2802 tulisse
806 2759 886 2801 suae.

175 2823 207 2884 Si
229 2823 328 2883 minus
350 2823 472 2884 edoctus
494 2828 665 2887 tractaverit
686 2825 734 2887 illa
758 2824 927 2903 chirurgus,

218 2907 289 2968 Sors
311 2908 388 2970 mala
412 2908 455 2969 rel
479 2907 565 2988 pejor
586 2911 714 2988 pessima
738 2910 838 2970 lorsao
861 2911 927 2969 erit.

248 3143 306 3193 173.
325 3140 436 3208 Margo:
455 3144 592 3195 trahentia
611 3146 629 3193 i.
650 3160 674 3196 e.
687 3144 826 3196 nobilibus
838 3144 884 3196 vel
896 3143 1071 3209 principibus
1083 3144 1151 3208 quia

174 3209 274 3260 trahae
296 3214 340 3259 est
361 3213 449 3261 vestis
471 3211 638 3276 principum.
708 3213 765 3263 tst.
783 3213 854 3262 Luc.
872 3212 969 3265 Phara.
991 3211 1057 3273 vn,
1079 3211 1147 3262 sto:

175 3276 251 3328 coelo
270 3277 385 3343 tegitur,
404 3279 523 3342 quinon
541 3277 627 3328 hahet
646 3293 751 3328 urnam.
823 3281 880 3329 191.
899 3282 940 3333 92.
959 3277 1010 3329 Or.
1029 3277 1147 3328 Remed.

175 3346 232 3401 101.
251 3347 275 3395 2.
313 3343 376 3394 Vidi
395 3360 455 3411 ego,
474 3345 546 3410 quod
563 3346 651 3411 primo
670 3346 763 3398 fueret
780 3347 918 3409 sonabile,
937 3343 1038 3405 vulnus

345 3412 469 3464 Dilatum
488 3412 590 3477 longae
608 3412 708 3463 damna
726 3414 827 3464 tulisse
844 3429 947 3468 morae.

175 3482 233 3529 192.
251 3479 376 3530 Dilatum
396 3496 429 3531 ex
448 3479 546 3530 Ovidio
564 3495 613 3544 pro
632 3481 720 3530 nostri
739 3480 861 3531 Vilatnm
880 3481 1028 3545 posuimus
