2509 3917
495 221 556 274 Lib.
576 221 622 271 vl.
660 237 686 273 v.
707 223 798 271 1—14.

491 454 605 516 nunna
627 455 785 517 snxrns.

309 600 511 672 [meremur
528 602 711 657 omarum
728 557 833 658 surm
850 603 971 674 arear]

154 742 259 819 Arguit
282 742 411 802 Aeneam
435 759 488 801 rex
510 743 687 821 Aeneaeque
710 742 825 804 sodales

155 825 261 886 Pacem
281 825 457 895 euadentem
481 828 575 887 iratus
597 827 689 889 dictat
711 830 741 886 in
765 828 830 888 anla

156 907 290 981 Qualiter
313 909 543 989 Amphimachus
565 909 633 971 illos
656 914 838 973 transmittat
860 912 896 971 ad
921 912 1026 972 Oreos.

154 994 262 1055 Missus
283 993 457 1073 Polydamas
479 1012 533 1074 pro
557 994 715 1057 traditione
739 997 879 1075 Synonen

155 1079 198 1139 Ad
223 1078 318 1139 socios
340 1079 422 1140 ducit
445 1097 461 1138 e
483 1080 605 1149 eastris;
628 1078 679 1142 ille
701 1088 835 1157 reportat
1115 1089 1132 1136 5
1235 1023 1238 1208 ,

155 1161 255 1240 Signa,
278 1163 388 1233 locum,
412 1171 528 1242 tempus
552 1166 684 1225 venturis
705 1163 797 1226 limen
820 1165 852 1226 in
874 1164 965 1226 urbis.

154 1246 213 1307 Per
235 1246 313 1307 cives
335 1247 448 1308 intrant
468 1265 570 1326 regem
593 1248 797 1329 populumque
820 1249 979 1318 trucidant

155 1328 325 1409 Frangitur,
350 1332 497 1401 obruitur,
520 1331 557 1392 ad
579 1333 706 1394 fundum
729 1332 819 1413 'froja
841 1342 1003 1395 crematur.

154 1413 302 1477 Dictatore
324 1415 395 1476 libri
417 1417 522 1496 positis
543 1424 699 1497 aetateque
720 1417 829 1497 'lrojae

154 1499 191 1560 Et
213 1516 339 1561 numero
362 1498 462 1560 caedis
483 1518 556 1579 gens
578 1502 692 1564 Graeca
715 1505 859 1582 repatriat
882 1503 988 1564 omnis.

472 1714 612 1784 [sonato
630 1715 800 1784 annana]

154 1848 209 1919 Qui
232 1849 314 1911 color
337 1852 420 1913 albus
443 1860 516 1923 erat,
540 1872 619 1915 nnnc
644 1861 690 1915 eat
710 1857 878 1916 contrarius
899 1854 983 1924 albo;

195 1931 234 1994 Et
256 1934 328 1995 nibil
353 1944 406 2007 est,
429 1936 466 1998 dc
489 1953 547 2014 qno
570 1955 631 1999 non
653 1939 691 1999 sit
712 1938 850 2000 habenda
872 1940 957 2001 fides.

156 2017 208 2077 llis
230 2018 422 2082 Anchisiades
444 2022 708 2084 contrarietatibus
730 2030 830 2085 astans

197 2101 288 2163 Fidus
311 2105 407 2181 primo
430 2105 519 2166 modo
541 2106 673 2183 perfidus
695 2109 754 2167 exit
776 2110 806 2167 in
829 2105 919 2169 haec:

152 2185 195 2246 lle
219 2184 297 2247 bello
321 2188 357 2248 de
380 2206 453 2269 paee
474 2208 543 2251 reor
566 2192 637 2251 satis
659 2209 725 2252 esse
746 2191 891 2262 locutum,
1112 2202 1129 2251 5

195 2270 276 2332 luter
299 2289 331 2332 se
354 2281 488 2352 pugnant
507 2273 617 2352 jugiter
639 2275 694 2336 ista
715 2275 783 2337 dno.

152 2355 232 2416 llaec
254 2356 343 2417 simul
365 2376 424 2418 nna
447 2361 553 2437 nequit
574 2376 659 2420 mens
682 2358 820 2438 amplecti
842 2359 895 2420 sed
918 2367 1048 2439 oportet,

194 2439 248 2501 llic
272 2439 317 2501 vel
339 2439 381 2501 ibi
404 2444 500 2518 quivis
523 2450 556 2503 ut
578 2461 632 2504 sna
655 2452 720 2504 vota
743 2444 831 2505 locet.
956 2516 958 2520 ,

152 2520 247 2583 Nemo
271 2532 370 2601 potest
391 2527 522 2587 animum
545 2529 635 2587 tantis
658 2527 812 2590 inflectere
834 2526 936 2596 rebus,

195 2606 306 2668 Utres
328 2612 479 2689 oppositas
500 2628 586 2671 mens
608 2612 686 2672 ierat
709 2630 766 2672 una
790 2612 872 2674 duas.
1096 2624 1130 2672 10

153 2688 207 2749 llio
231 2688 351 2759 bellum,
375 2712 479 2772 paoem
503 2694 652 2756 desiderat
674 2698 741 2764 iste,
765 2698 897 2775 quietem

195 2771 295 2853 Diligit
316 2775 376 2845 bic,
401 2777 505 2839 tlnvios
526 2781 680 2856 sanguinis
702 2781 759 2840 iste
781 2780 851 2840 sitit.

151 2855 207 2926 Qui
230 2857 341 2921 bellum
355 2863 469 2923 sitiunt
491 2860 624 2923 illustres
647 2879 713 2923 esse
735 2863 881 2932 videntur,

97 2975 104 2991 ·
192 2941 246 3001 llis
267 2945 346 3005 vires
368 2953 471 3024 optant
493 2948 688 3025 aequiparare
710 2964 788 3007 suas.

219 3215 242 3264 1.
261 3212 351 3263 Schol.
370 3212 510 3276 marginis.
530 3213 608 3275 qnasi
626 3212 708 3265 dicit:
728 3227 807 3262 omne
826 3214 898 3278 qnod
917 3215 948 3264 in
968 3216 1129 3267 mnndoest

152 3279 284 3328 mutabile
304 3283 355 3326 eat.
375 3301 406 3311 -
426 3277 505 3327 Ovid.
524 3280 591 3328 Met.
611 3278 648 3339 11,
668 3281 716 3329 541

96 3359 103 3371 ·
263 3342 316 3391 Oui
334 3340 410 3390 color
427 3341 508 3390 albus
527 3347 587 3391 erat
604 3358 678 3392 nune
697 3349 739 3395 est
758 3347 914 3398 contrarius
933 3346 1007 3402 albo.

149 3423 175 3470 2.
195 3422 246 3475 Ov.
265 3423 351 3472 Triat.
368 3423 391 3481 1,
408 3424 434 3482 7,
452 3423 477 3472 8.
549 3425 573 3472 9.
592 3425 632 3475 10.
650 3423 784 3491 (Maxim.)
802 3426 824 3488 1,
844 3430 886 3480 45.
904 3431 938 3480 te
956 3432 1004 3496 qui
1022 3432 1129 3484 hebet:

365 3486 449 3535 Hand
468 3487 552 3536 facile
571 3493 615 3537 est
634 3492 717 3538 anim.
736 3497 756 3540 t.
775 3493 794 3541 i.
813 3509 833 3545 r.
853 3501 905 3547 etc.
1106 3539 1111 3544 .
1234 3475 1238 3548 l
