2509 3917
427 210 540 272 11111.
569 237 595 271 v.
617 223 758 274 sss-ror.
1015 224 1074 289 131

154 371 190 432 ln
213 368 305 432 coelis
326 380 427 432 manet
446 371 494 433 his
516 373 562 432 vis
582 383 745 435 memorata
767 375 853 438 locis.

105 454 177 515 Non
200 453 277 517 idem
300 472 407 517 cursus
430 462 475 517 est
496 455 643 526 omnibus,
666 457 716 519 ille
739 458 855 538 planeta
1028 471 1077 520 165

153 538 256 610 Velox,
281 538 328 599 hio
351 539 464 609 tardus,
487 538 535 600 laic
557 537 653 618 magis
674 541 732 603 hoc
755 542 798 603 vel
823 563 867 606 eo.

53 699 61 703 1
105 621 167 684 Hic
188 622 232 683 illi
254 623 361 685 domus
383 631 439 691 est.
462 622 512 686 hic
533 621 639 701 gloria,
661 628 789 688 servitos
811 626 874 689 illic

154 706 282 787 Semper
304 715 377 778 erat,
400 726 520 788 semper
542 708 687 787 septimus
710 710 804 771 hostis
826 715 891 774 erit.

106 791 162 852 Sol
184 791 292 853 solium
315 791 396 854 solus
419 791 560 872 ologitin
582 793 656 854 aede
679 795 782 864 leonis.

156 875 210 937 Est
232 878 312 937 aries
334 875 405 937 solis
427 874 529 955 gloria,
552 895 649 956 poena
671 877 756 941 libra.
1026 891 1078 941 170

105 961 143 1020 ln
167 977 278 1021 cancro
299 960 389 1022 lunae
412 962 512 1022 videas
534 958 713 1033 habitacula,
737 973 840 1027 taurus

154 1043 250 1105 Altius
273 1043 397 1115 extollit,
419 1049 539 1126 scorpio
562 1054 674 1125 pugnat
695 1065 772 1110 eam.

110 1127 204 1189 Libra
227 1128 332 1190 domus
355 1131 480 1192 Veneris
502 1140 531 1192 et
552 1139 664 1200 taurus,
688 1132 819 1210 piscibus
841 1142 938 1194 autern

152 1212 278 1289 Regnat,
302 1215 345 1275 sic
367 1215 503 1293 queritur
525 1217 640 1294 virgine
663 1217 745 1294 virgo
767 1219 874 1296 premi.

108 1298 234 1374 Virgine
256 1296 422 1360 Mercurius
443 1297 569 1360 laetatur
590 1308 621 1360 et
642 1301 673 1360 iu
696 1304 885 1378 geminorum
1028 1312 1077 1361 175

154 1381 284 1459 imperat
306 1382 446 1461 hospitio,
468 1383 601 1462 piscibus
624 1383 692 1445 exul
715 1387 781 1446 crit.

107 1466 219 1527 Laetae
241 1467 407 1546 suscipiunt
428 1468 505 1528 aries
527 1475 556 1528 et
578 1469 697 1552 scorpio
718 1468 853 1538 Martem,

154 1550 235 1611 Mars
257 1550 311 1611 tibi
333 1568 441 1612 cancer
463 1551 570 1621 honor,
593 1552 647 1612 sed
670 1554 864 1630 capricornus
885 1555 976 1615 onus!

109 1633 233 1714 Jupiter
255 1632 367 1695 exultat
390 1636 420 1694 in
442 1635 575 1714 piscibus
597 1646 686 1715 atque
709 1637 823 1715 sagitta,

153 1718 209 1780 Cui
232 1735 339 1779 cancer
361 1737 413 1780 rex
437 1727 491 1788 est,
515 1737 603 1798 capra
627 1719 780 1790 bubulcus,
804 1724 854 1783 ait.
1028 1731 1077 1781 180

110 1801 234 1863 Saturni
257 1801 364 1863 domus
386 1810 431 1863 est
452 1811 482 1863 et
504 1805 644 1883 aquarius
667 1812 696 1865 et
718 1807 913 1884 capricornus

153 1884 288 1947 Servitus
311 1894 357 1947 est
379 1888 466 1958 aries,
490 1886 566 1948 libra
588 1906 698 1950 corona
720 1890 795 1950 seni.

107 1970 182 2030 Post
204 1970 307 2048 epulas
329 1971 424 2049 agitur
446 1981 479 2033 ut
500 1989 622 2034 somnus
644 1973 779 2035 membra
801 1973 917 2042 salutet,

153 2053 286 2133 Reginae
309 2073 418 2136 corpus
440 2074 529 2117 aurea
553 2058 666 2137 sponda
685 2055 776 2120 'toret

249 2191 538 2289 [Pnnrflusilunu
555 2220 689 2275 EXITUS
707 2220 746 2274 IN
762 2220 941 2289 Punctum]

112 2340 237 2401 Postera
259 2338 395 2402 Phoebea
419 2341 469 2401 lux
491 2340 600 2402 lustrat
621 2342 758 2421 lampade
781 2351 892 2414 terrns3
1028 2351 1077 2399 185

152 2424 221 2485 Jam
244 2422 316 2485 libet
337 2425 367 2485 in
391 2424 470 2485 bello
492 2428 681 2487 conseruisse
698 2429 816 2494 manns,

111 2508 177 2568 Stat
199 2510 320 2585 sonipes
341 2527 377 2569 ac
399 2510 482 2571 irena
504 2512 587 2570 leros
610 2513 778 2589 spumantia
801 2510 926 2580 mordet,

153 2590 244 2670 Cujus
266 2611 405 2671 pressura
428 2600 547 2672 tergora
569 2596 652 2671 virgo
672 2594 738 2655 init.

111 2675 160 2736 Fit
182 2694 274 2736 sonus
296 2675 332 2736 ad
355 2675 477 2748 bellum,
499 2696 592 2757 quum
616 2677 725 2753 tigride
747 2679 893 2755 promtior
915 2697 996 2739 arma

154 2758 289 2821 Bellandi
310 2761 408 2822 studio
432 2761 614 2822 Penthesilea
638 2762 727 2823 subit.
1028 2771 1077 2820 190

112 2842 244 2921 Protegit
267 2847 387 2921 egregia
409 2843 500 2906 lorica
523 2846 657 2907 membra
679 2846 808 2926 triplice,

153 2927 250 2989 Ocrea
273 2927 383 2989 lerrata
406 2929 530 2990 candida
554 2949 641 2990 crura
664 2933 749 3009 tegit;

111 3078 315 3089 ——--—-...-.

179 3164 236 3216 173.
273 3160 385 3218 Confer.
406 3162 530 3214 Marcell.
552 3163 662 3229 Pcling.
681 3181 706 3230 p.
724 3166 774 3215 312
793 3180 818 3213 v.
837 3167 870 3215 rt
889 3165 967 3230 (edit.
985 3165 1076 3218 Paris.

16 3271 17 3290 p
113 3229 187 3280 1580.
206 3226 263 3294 16).
333 3232 389 3282 lto.
409 3230 532 3280 Marcell.
550 3230 659 3294 Paling.
678 3232 696 3281 l.
714 3233 761 3286 cit.
778 3248 805 3296 p.
823 3233 883 3295 313,
903 3249 928 3281 v.
950 3235 973 3283 1.

213 3297 368 3348 Mercurius
386 3298 508 3349 Geminis
527 3305 556 3349 et
575 3298 689 3361 pulchre
706 3299 819 3364 Virgine
838 3298 950 3360 gaudet.

114 3365 172 3415 185.
191 3362 306 3429 Virgilii
323 3367 389 3417 Aen.
407 3365 454 3427 tv,
472 3367 496 3416 6.
566 3368 624 3417 187.
643 3366 720 3430 Virg.
739 3367 807 3416 Aen.
826 3366 874 3428 tv,
894 3367 943 3416 186

215 3429 279 3481 scat
295 3433 416 3497 sonipes,
436 3448 469 3483 cc
488 3433 565 3483 irena
582 3433 662 3483 ferox
679 3434 837 3498 spumantis
855 3431 970 3481 mandit.

112 3499 169 3549 teu.
189 3514 204 3549 e
223 3501 348 3565 margine
367 3500 495 3564 profuit.
