2509 3917
195 201 256 266 178
494 204 555 256 ure.
576 205 623 257 vr.
661 220 688 254 v.
705 206 850 254 eea-ece.

192 355 236 417 ad
259 358 375 432 siguum
399 373 565 434 suasoque
588 363 703 434 parant.
727 364 906 435 tempusque
928 352 1087 434 locumque

236 439 410 508 Observant,
433 438 526 500 lortes
548 459 631 500 arma
655 438 757 499 subire
780 449 895 499 vocant.

194 525 325 603 Tempus
348 533 412 584 erat
434 523 554 585 dubiam
576 540 689 601 cogens
710 526 884 599 nigrescere
906 523 1013 595 lucem,

237 607 292 669 Cui
308 624 404 687 neque
419 609 469 667 lux
481 626 578 687 neque
592 626 652 668 nox
665 616 718 677 est,
731 608 782 668 sed
796 616 958 688 utrumque
971 626 1089 688 parens.
1112 617 1164 665 340

195 691 260 752 Non
284 692 334 752 dat
356 692 453 753 adhuc
475 691 572 753 claves
587 690 761 753 custodibus
776 690 1016 772 Amphimachus,
1041 691 1094 752 sed

238 776 276 837 Se
299 793 394 856 penes
417 776 470 836 has
492 774 605 844 habuit,
629 783 731 856 postea
755 795 825 837 uero
848 776 939 837 dedit.

195 862 297 922 Claves
320 863 453 922 Antenor
475 859 728 937 Anclrisiadesque
750 859 891 930 tulerunt.

238 944 296 1005 Res
320 964 353 1004 ea
376 962 499 1023 prorsus
522 952 586 1005 erat
608 945 775 1021 suspicione
799 962 913 1006 carens.

196 1029 238 1090 nd
263 1046 379 1089 murum
403 1036 516 1106 portae,
540 1037 659 1089 cautum
683 1029 791 1108 quibus
815 1048 880 1090 csse
904 1027 1051 1095 volebant,
1116 1037 1165 1085 345

237 1112 405 1181 Adducunt,
430 1130 533 1172 murus
553 1119 586 1172 ut
608 1120 726 1173 tueatur
749 1131 794 1173 eo.

195 1198 232 1257 Et
253 1199 351 1256 statim
375 1204 460 1273 porta
483 1195 670 1257 succendunt
690 1196 791 1278 lumen
814 1205 926 1276 aperta,

237 1281 372 1342 Gaudent
394 1279 431 1340 ad
454 1280 575 1341 rutilam
597 1280 708 1344 llorica
728 1288 824 1342 castra
846 1284 957 1352 iacem;

197 1366 332 1427 Luminis
355 1365 390 1425 ad
413 1364 530 1425 radium
554 1384 586 1426 se
608 1364 752 1425 transfert
774 1364 843 1426 ilico
866 1365 1008 1445 Pyrrhus,

238 1450 292 1510 Vix
315 1450 392 1510 bene
415 1451 581 1526 contigerat
604 1450 757 1527 Pergama,
782 1458 867 1528 porta
889 1458 980 1529 patet.
1117 1458 1166 1506 350

195 1536 262 1596 Mox
285 1544 469 1594 reseratores
490 1550 545 1612 pro
568 1534 794 1594 conservamine
816 1553 933 1595 ramum

237 1620 260 1678 Α
284 1616 399 1697 Pyrrho
421 1619 502 1696 pacis
524 1618 729 1697 praesidiique
750 1618 861 1679 lerunt.

196 1703 234 1763 Se
257 1718 453 1780 quaecunque
475 1700 581 1763 domus
602 1704 688 1779 signo
710 1703 886 1762 cristaverat
907 1702 978 1769 isto;

242 1783 373 1863 Pyrrhus
396 1786 451 1853 ait;
475 1784 556 1846 nulla
578 1804 633 1866 per
655 1795 835 1847 nocumenta
857 1784 951 1853 cadet,
1055 1839 1060 1850 f

196 1870 254 1928 Vos
276 1869 370 1943 igitur
393 1875 486 1928 vestra
512 1877 686 1950 vestrosque
708 1873 845 1949 reponite
867 1877 930 1929 tuto
1118 1879 1165 1927 355

241 1952 278 2013 Ut
302 1970 352 2012 vos
375 1964 531 2013 conservet
553 1956 650 2033 pactio
673 1956 749 2015 lacta
772 1954 846 2014 loco.

303 2124 307 2130 ·
410 2131 718 2202 ,pcouuunenauuo
736 2087 937 2201 trucconis]

197 2253 283 2321 Urbs,
307 2254 399 2334 stylus
422 2262 584 2315 extremam
609 2254 693 2333 cujus
713 2254 774 2333 jam
797 2253 1082 2334 scriptitationum,

239 2344 298 2400 Arx
320 2355 434 2416 regum,
451 2356 617 2418 procerum
641 2357 717 2419 quae
739 2337 798 2400 luit
820 2346 908 2417 atque
931 2338 1052 2408 ducum,

196 2423 292 2494 Quam
316 2425 391 2484 situs
412 2424 478 2501 ipse
500 2423 567 2492 loci,
592 2440 680 2499 quam
704 2441 805 2484 rerum
828 2423 913 2501 copia
936 2421 1031 2501 major

244 2505 364 2576 Extulit,
388 2514 476 2587 atque
499 2506 642 2584 frequens
664 2526 768 2567 rumor
790 2506 827 2567 ad
849 2517 928 2568 astra
951 2508 1037 2569 tutitt
1118 2516 1166 2565 360

198 2592 278 2650 Haec
300 2590 398 2670 ajunt,
422 2590 502 2670 quod
526 2590 580 2652 sub
603 2590 752 2652 Abraham
775 2600 958 2660 constructa,
981 2590 1037 2652 sed
1060 2592 1164 2652 Abdon

244 2675 289 2735 Sit
311 2674 390 2753 quod
413 2675 468 2736 sub
491 2683 594 2737 nostro
615 2674 715 2753 judice
737 2683 828 2737 strata
850 2675 924 2756 solo,
994 2711 1013 2740 a

199 2758 236 2818 Et
258 2766 328 2818 stunt
350 2758 401 2837 qui
424 2759 523 2820 dicant
545 2759 622 2819 hauc
644 2760 809 2820 surrexisse
831 2759 888 2820 sub
911 2758 1006 2828 aioth,

240 2841 295 2911 Qui
320 2843 461 2921 pinguem
485 2842 579 2905 valido
602 2842 723 2904 vulnere
745 2845 808 2904 finit
830 2842 938 2919 Epion:

197 2925 235 2984 Et
256 2926 381 2986 lortasse
396 2926 499 3004 legens
521 2929 564 2988 sic
586 2928 674 2997 dicet,
698 2946 752 2988 cur
774 2927 840 2987 tulit
862 2934 966 2989 auctor
1112 2935 1160 2984 365
1231 2930 1232 2952 ¹

241 3007 273 3067 ln
296 3026 443 3070 cameram
467 3011 556 3071 studii
579 3013 685 3071 Troica
710 3010 784 3072 bella
808 3010 883 3070 sibi?

266 3214 324 3264 3³9.
343 3214 384 3263 40.
404 3211 524 3274 Guulter.
543 3210 621 3262 Alex.
639 3212 691 3273 ΙΙΙ,
709 3214 767 3263 463.
786 3213 820 3262 64

266 3280 383 3344 Tempus
402 3283 463 3328 erat
480 3277 592 3328 dubiam
610 3294 713 3344 cogens
730 3279 885 3343 pallescere
904 3279 1002 3342 lucem,

267 3346 319 3395 Cui
336 3360 425 3409 neque
443 3343 489 3393 lux
506 3359 596 3408 neque
613 3361 668 3395 nox
686 3346 803 3411 imponit
819 3361 918 3397 nomen
936 3352 1090 3410 utrumque.

198 3415 256 3461 340.
275 3410 363 3461 schol.
382 3410 581 3473 crepusculum.
623 3413 805 3476 362.·margo:
825 3418 921 3465 noster
933 3414 1002 3464 dicit
1014 3414 1088 3476 quod
1101 3416 1162 3462 tem·

199 3476 312 3538 poribus
327 3475 451 3539 judicum
465 3490 547 3539 quum
565 3481 640 3526 esset
651 3476 748 3527 Abdou
762 3478 850 3540 judex
864 3481 1006 3531 destructa
1016 3486 1060 3530 aut
1072 3477 1162 3542 Trojc.
