2509 3917
162 197 207 261 46
478 199 539 251 nio.
557 197 594 247 11.
632 213 659 249 v.
677 199 820 249 nos-esa.

165 350 217 411 Est
239 351 329 410 etiam
351 350 440 411 soniis
463 366 548 408 mens
570 346 776 409 irrevocabilis
800 367 857 409 ona

207 434 317 495 Contra
339 433 488 511 Trojanos
510 450 591 492 arma
612 451 730 493 movere
755 452 855 494 mann.

167 518 210 580 lie
233 536 359 578 numero
381 519 489 578 ratium
512 519 537 576 si
560 520 676 596 queris3
699 516 782 578 mille
804 520 921 579 carinas

209 602 334 663 Centum
358 601 519 663 bisdenos
542 602 732 666 dinumerare
752 608 850 680 potes.

463 762 583 819 NAVES
601 763 832 821 Pnocnnnnr.

166 869 330 932 Solvuntur
352 889 441 931 naves
463 888 479 930 a
501 870 610 939 littore,
634 887 739 931 versus
760 869 891 931 Athenas

207 955 241 1016 ln
263 955 369 1035 pelago
392 954 516 1031 pulchre
538 954 602 1014 vela
623 953 724 1014 volare
747 954 838 1016 vides.

165 1038 263 1100 littus
284 1039 479 1099 Atheniarnm
502 1047 659 1118 postquam
682 1040 818 1116 tetigere,
842 1039 938 1098 citatis

207 1124 241 1183 ln
265 1131 382 1183 coetum
406 1122 539 1191 ducibus,
562 1141 614 1182 rex
638 1127 843 1197 Agamemnon
865 1124 923 1182 ait:

165 1205 294 1286 Eloquar
316 1225 353 1267 an
376 1205 497 1267 sileam?
519 1206 626 1286 loquor
649 1214 678 1263 et
700 1209 829 1267 reticere
851 1215 983 1267 coartor:

208 1291 344 1351 Dedecus
367 1300 412 1351 est
435 1293 555 1370 propria
578 1290 707 1368 prodere
730 1308 820 1370 saepe
843 1290 963 1369 probra.

165 1375 319 1454 Dejaotum
341 1376 501 1435 neminisse
524 1375 623 1454 pudet
646 1375 713 1454 quis
736 1375 873 1435 erederet
895 1393 1025 1453 unquam

206 1460 256 1520 Sic
278 1461 394 1521 variare
417 1477 485 1520 suas
507 1469 642 1538 tempora
664 1459 739 1520 laeta
763 1462 852 1520 vices.

164 1543 260 1621 Saepe
282 1544 358 1604 mihi
380 1542 500 1603 dubiam
523 1545 612 1604 traxit
635 1540 767 1605 sollertia
790 1551 938 1603 mentem:

207 1627 272 1688 Otia
294 1627 437 1689 vellemus
460 1627 505 1688 vel
526 1630 620 1705 magis
643 1645 724 1687 arma
746 1627 850 1706 sequit

165 1710 319 1781 Quaerere
341 1711 500 1772 vindictam
522 1709 568 1770 vel
590 1711 777 1772 dissimulare
799 1713 969 1790 querelam?

205 1793 349 1854 Hostibus
371 1796 484 1855 instare
505 1794 551 1855 vel
574 1813 660 1873 mage
681 1803 787 1873 treuga
809 1796 899 1856 dare?

164 1876 236 1938 Odia
260 1877 423 1938 dissolvunt
446 1879 568 1948 animos,
592 1879 745 1939 suadendo
767 1881 896 1957 quietern

180 2017 182 2025 s
206 1961 318 2023 Sensus
342 1969 482 2023 enervant
504 1962 708 2043 desidiamque
730 1965 840 2023 invent.

163 2047 240 2118 Ouid
265 2050 401 2125 seqnitur
422 2045 555 2109 tolerans
576 2047 688 2126 injuria
711 2046 791 2108 nulla
813 2046 951 2125 repulsat

205 2131 359 2199 Soandala,
380 2128 524 2208 jacturae,
547 2131 666 2200 damna,
690 2130 812 2210 pericla,
835 2132 943 2191 minae.

162 2213 246 2284 Quod
270 2213 386 2294 loquor,
410 2232 446 2275 ex
468 2233 537 2276 casu
560 2219 713 2294 praesenti
736 2218 813 2276 seire
835 2218 969 2294 potestis,

141 2366 143 2371 ¹
206 2297 271 2358 Otia
294 2300 434 2360 nraterias
456 2299 503 2360 his
526 2299 659 2360 tribuere
682 2299 775 2359 malis

167 2384 225 2444 Sed
249 2383 334 2444 dolus
356 2386 500 2444 intererat
522 2393 552 2444 et
574 2385 681 2462 dignos
703 2383 819 2443 vindice
841 2384 937 2443 nodiis

205 2468 298 2529 diluit
318 2469 447 2529 incautis
468 2468 630 2529 insidiosus
652 2467 750 2527 homo.
781 2534 790 2541 ,

165 2550 311 2613 Ledaeam
333 2555 433 2630 rapuit
454 2554 587 2613 lactarus
609 2561 675 2612 vota
701 2551 809 2612 [tianae

205 2634 319 2695 Fanum
344 2653 412 2696 oum
435 2637 524 2696 soriis
546 2636 740 2713 ingrediendo
762 2636 856 2697 Paris.

165 2719 288 2779 Devenit
310 2720 451 2796 praedam
474 2736 533 2779 non
555 2719 650 2781 Marte
672 2718 723 2780 sed
746 2728 811 2780 arte
834 2720 968 2787 levatam,

205 2801 333 2863 Fraudis
356 2820 415 2863 non
438 2801 535 2864 laudis
559 2803 618 2864 lino
641 2803 708 2865 tulit
730 2822 812 2864 arma
834 2802 926 2864 Paris.

162 2889 248 2946 Arma
273 2886 376 2962 lugent
399 2885 508 2957 hostes,
532 2887 661 2949 reddunt
683 2890 800 2959 amissa,
823 2887 974 2966 repellunt

204 2969 376 3045 Segnitiem,
400 2980 543 3050 reparant
564 2971 680 3040 damna,
706 2980 827 3032 tuentur
850 2991 930 3050 opes.

161 3054 367 3129 Oproaeres!
390 3064 488 3116 vestro
511 3057 636 3134 supplex
658 3055 769 3115 inclino
792 3055 894 3124 lavori,

203 3135 261 3198 Vos
282 3138 367 3199 video
391 3142 500 3201 nostris
521 3140 711 3200 condoluisse
734 3139 866 3217 probris;

228 3343 285 3391 211.
305 3357 339 3390 ex
357 3341 481 3405 margine
499 3355 561 3404 pro:
582 3340 705 3405 eloquor.
727 3342 853 3392 recitare.
924 3342 983 3389 224.
1001 3356 1049 3405 pro
1068 3341 1128 3395 eod,

160 3407 257 3458 thuere
276 3424 291 3458 e
310 3409 443 3473 margine.
507 3409 566 3458 225.
593 3423 643 3471 pro
662 3407 721 3458 eod.
741 3408 826 3468 dolor,
846 3424 860 3458 e
879 3408 1013 3472 margine.
1066 3409 1128 3458 226.

160 3490 255 3539 margo
274 3475 388 3538 praebet
405 3474 541 3526 scholion:
561 3475 652 3525 Paris.
687 3477 745 3527 238.
765 3491 798 3525 ex
815 3476 938 3539 margine
958 3490 1006 3539 pro
1026 3475 1128 3529 labori.
