2509 3917
191 177 232 241 72
513 180 574 232 mo.
594 179 646 230 [ιι.
681 194 709 229 v.
726 180 838 232 sa-as.

189 336 308 392 teneus
329 336 454 399 deneas,
477 330 563 409 cujus
585 337 676 408 caput
697 347 789 391 aenea
812 331 906 391 cassis

236 415 381 493 Protegit,
403 416 435 474 in
457 413 624 493 Phrygibus
647 415 732 476 arma
755 412 895 475 columna
917 415 984 476 init.

193 499 229 561 lli
253 501 312 561 duo
335 498 481 578 Trojanos
504 499 644 566 educunt,
668 497 749 559 illico
771 501 868 577 portis

235 584 414 662 Erumpunt,
438 582 560 644 Graecis
583 582 668 643 obvia
690 584 774 661 signa
795 591 916 660 gerunt.
1124 593 1154 642 to

191 668 382 729 Concurrunt
402 669 526 747 pariter,
548 675 634 727 sonat
654 663 764 728 ictibus
785 667 896 727 arduus
918 667 1030 735 aether,

237 751 432 814 Umbridoant
454 752 582 813 nitidum
604 751 720 832 spicula
741 753 831 811 missa
853 749 965 830 polum.

194 836 274 898 blille
297 835 396 897 modis
418 839 526 897 mortis
547 837 675 897 miseros
696 853 779 897 mors
799 853 857 896 una
882 832 1019 904 trucidat,

235 921 299 983 Una
322 928 418 981 morte
440 922 518 981 mori
541 921 579 980 sit
602 921 686 998 quasi
707 926 796 999 turpe
817 918 883 980 sibi.

192 1006 250 1067 Per
272 1003 397 1083 gladim,
419 1022 474 1084 per
495 1003 626 1074 balistas,
650 1022 705 1083 per
727 1003 794 1074 tela,
817 1020 871 1082 per
894 1020 982 1064 enses
1127 1013 1156 1062 ao

234 1091 364 1151 Invitant
385 1095 523 1157 mortem,
547 1089 598 1149 dat
619 1106 738 1169 quoque
759 1088 843 1149 clava
865 1105 981 1151 necem.

191 1173 312 1235 Casside
335 1182 414 1234 tecta
436 1171 518 1250 licet,
540 1181 624 1234 secat
645 1190 708 1242 ora,
732 1172 861 1251 iactaque
883 1179 1022 1251 potenter

238 1257 295 1319 Per
318 1258 448 1318 medium
472 1259 585 1319 renuis
606 1258 707 1319 ferrea
730 1259 832 1335 cuspis
853 1257 922 1317 iter.

192 1341 247 1402 llic
270 1339 414 1420 jugulant,
438 1341 488 1402 bio
510 1341 676 1411 exoculant,
700 1341 749 1402 bic
771 1340 858 1401 dorsa
882 1347 1050 1408 cruentant,
1129 1400 1133 1407 ,

235 1424 289 1486 llic
311 1425 405 1486 facies
427 1424 568 1496 lacerant,
591 1423 744 1504 unguibus
767 1442 819 1485 ora
842 1425 951 1500 rigant.
1129 1435 1162 1483 to

191 1511 317 1572 Maxima
339 1511 371 1571 lit
393 1510 502 1571 caedes
523 1510 691 1587 bominum,
714 1527 771 1570 nec
793 1508 895 1570 dicero
917 1527 1049 1588 possum,

235 1594 399 1656 Perfundat
421 1596 547 1656 nimium
570 1594 721 1674 quomodo
743 1595 864 1671 sanguis
886 1593 1019 1654 humum.

194 1677 341 1740 Fulminat
365 1697 438 1740 ense
459 1696 514 1739 suo
536 1679 582 1739 vel
604 1681 636 1738 in
659 1678 750 1739 aruris
772 1676 855 1738 utilis
877 1676 988 1738 Hector

237 1761 315 1822 Ense
336 1769 419 1823 secat
440 1761 566 1839 Danaos,
589 1779 660 1824 ense
683 1762 818 1823 rubricat
839 1778 936 1838 agros.

195 1846 269 1905 llum
294 1848 339 1906 sio
361 1849 482 1915 insanit,
505 1848 603 1908 insani
627 1846 741 1907 viribus
761 1845 884 1907 obstant

239 1928 381 2008 Elpenor,
404 1930 555 2001 Palemon,
579 1929 725 1991 Schedius
748 1938 777 1989 et
799 1931 917 1991 Durius.

196 2011 382 2076 Auxiliantur
403 2015 603 2096 Epistrophus
624 2023 713 2093 atque
735 2014 904 2094 Polyxenus
925 2014 994 2076 illis.

237 2097 354 2178 Sexque
376 2101 460 2160 inere
485 2098 586 2170 duces,
609 2102 757 2180 septimus
778 2098 973 2160 Orcomcnus.

194 2181 330 2243 Hectoris
351 2183 381 2244 bi
403 2184 482 2244 vires
503 2192 729 2264 attemptarere,
751 2182 804 2245 sed
827 2181 938 2243 Hector

237 2266 308 2328 Fata
331 2284 471 2346 suprema
495 2286 566 2329 suos
588 2266 636 2328 bis
659 2268 739 2328 dedit
761 2275 830 2328 ante
850 2267 953 2347 pedes.
1133 2277 1171 2325 80

195 2351 368 2431 Euphemus
390 2360 420 2413 et
439 2350 549 2432 'Pyleus
570 2351 648 2412 bona
671 2350 851 2414 confidentia
872 2350 998 2411 Troium

236 2437 388 2515 llippicus,
411 2438 562 2505 detonsus,
586 2435 634 2496 bis
656 2437 741 2515 quasi
762 2453 867 2496 murus
890 2444 985 2503 erant,

197 2519 378 2581 Sternebnnt
401 2519 528 2581 Danaos.
573 2523 609 2582 lt
631 2519 731 2597 fulgur
752 2519 855 2580 Martis
876 2516 1006 2579 Achilles

169 2605 172 2609 ’
236 2603 324 2680 lgneo
348 2602 481 2665 Plutonis
503 2603 538 2663 ad
562 2604 635 2665 vada
660 2605 751 2665 mittit
773 2622 834 2666 eos.

194 2690 312 2748 Aeneae
334 2689 416 2747 terro
438 2690 603 2758 consessus,
627 2687 773 2750 arundine
796 2688 895 2748 Merus
1132 2697 1172 2746 85

261 2924 302 2971 57.
321 2921 429 2971 Aeneas
452 2921 520 2976 Aen.
544 2938 595 2988 pro
617 2923 720 2975 codicis
738 2922 846 2974 Aeneas
864 2923 978 2974 Aeneas.
1048 2924 1090 2974 76.
1108 2924 1173 2974 No·

193 2989 267 3038 mina
290 2989 390 3039 dueum
409 2992 533 3039 nominat
555 2991 658 3042 Dcrosr
686 2990 881 3050 Oroomenum,
904 2988 1074 3051 Jalmennm,
1098 2992 1173 3056 Epi·

194 3056 345 3122 stropham,
365 3055 520 3120 Sohedinm,
539 3056 741 3123 Elephenorem,
759 3058 881 3119 Dionem,
898 3055 1076 3121 Polyxenam.
1122 3061 1173 3109 81.

192 3123 252 3174 Hos
280 3124 406 3174 nominat
434 3125 534 3174 Dares:
564 3125 746 3191 Enphemnm,
782 3123 981 3189 Hippothoum,
1016 3125 1171 3190 Pylaeum,

192 3190 402 3255 Asteropaeum.
437 3192 542 3243 Noster
558 3193 708 3258 Enpbenus
728 3197 757 3243 et
774 3192 898 3243 Phileus.
961 3192 1096 3244 nassae
1115 3208 1173 3258 pro

193 3258 253 3312 cod,
278 3262 351 3311 netu.
426 3260 468 3309 86.
489 3259 561 3310 ferro
585 3275 600 3309 s
623 3262 745 3324 margine
769 3275 818 3325 pro
841 3274 906 3324 pern
929 3259 957 3308 in
981 3273 1035 3325 qno
1060 3259 1173 3323 „veru“

193 3326 304 3377 videtur
326 3325 415 3376 latero
435 3325 484 3375 sed
506 3327 594 3391 prima
617 3326 698 3377 buius
719 3328 797 3377 verbi
818 3326 928 3393 syllaba
950 3326 1042 3377 brevis
1067 3332 1113 3380 est
1135 3333 1175 3377 ut

193 3393 271 3460 virg.
282 3394 350 3447 Aen.
363 3392 412 3456 vl,
423 3393 474 3443 665
491 3394 529 3443 Et
542 3394 623 3443 tereti
637 3408 763 3458 pugnans
777 3409 905 3446 mucrone
916 3407 1036 3459 veruque
1051 3394 1174 3447 Sabello

193 3461 288 3525 docet,
313 3463 485 3526 quopropter
504 3459 613 3524 „ierro“
632 3475 646 3509 e
665 3462 788 3526 margine
806 3463 972 3527 recepimus.

692 3828 1251 3915 ήμμ-,μ--Ψ
