2509 3917
207 217 268 280 190
500 211 576 269 'mn
596 218 642 268 rr.
679 234 704 273 v.
723 220 865 269 ara-roo.

205 370 318 432 Prodiit
340 372 370 430 in
393 370 500 440 iucem,
524 380 594 431 tnnc
617 370 725 440 editus,
748 373 804 431 iste
825 371 952 442 libellus

246 453 339 525 Quam
363 456 455 516 miser
477 462 524 515 est
544 455 673 516 mundus
695 457 851 517 insinuare
874 457 983 518 voians.
1217 533 1218 538 ἵ

203 539 319 600 Forsan
341 539 427 601 adest
448 537 556 618 aliquis
579 538 733 619 dicetque;
757 541 823 620 quis
846 541 939 602 edidit
960 540 1064 602 ilium?
1118 553 1161 601 675

246 623 305 685 ista
326 626 493 702 requirenti
515 623 643 684 reddere
667 624 755 684 rerba
778 635 871 703 potes.

205 707 366 769 Ecclesiam
390 710 449 768 scis
471 710 503 768 iu
525 702 643 774 Stadia·
663 726 752 787 quam
776 712 906 788 protegit
927 710 990 779 aiis,

245 791 318 852 Nam
341 800 430 871 caput
451 799 497 852 est
519 791 593 870 ejus,
617 794 700 870 virgo
724 792 808 853 beata
830 797 903 854 suis.

203 875 259 945 Qui
281 875 430 937 scribens:
453 878 504 944 „in
528 879 676 955 principio
701 877 823 937 verbum
848 896 918 939 caro
941 878 1094 939 iactum:⁴‘

246 959 373 1031 Intonat,
396 960 476 1021 iilius
497 959 534 1019 ad
557 959 635 1021 iatus
656 960 706 1020 iile
731 961 817 1022 vniat.

202 1042 315 1103 Prodiit
337 1062 373 1103 cx
396 1044 484 1105 rutilo
507 1061 611 1104 roseus
634 1044 717 1106 iocus
739 1044 796 1105 iste
819 1055 927 1116 roseto,

247 1127 377 1204 Ingenua
401 1138 526 1189 matrem
547 1127 702 1190 nobilitate
724 1147 863 1208 sequens.

203 1210 251 1271 Sic
273 1210 408 1273 ssorendo
431 1214 540 1288 dgent,
564 1221 598 1274 ut
619 1212 722 1283 odore,
746 1213 859 1289 colore,
882 1231 989 1292 sapore

245 1294 402 1374 Nunquam
426 1296 625 1374 degenerent3
649 1297 696 1356 his
719 1298 815 1357 tribus
837 1298 926 1357 ambo
949 1297 1077 1377 placent.

201 1378 386 1458 Splendescit
409 1381 515 1440 virtute
538 1380 630 1447 color,
655 1382 849 1460 doctrinaque
872 1400 997 1459 pascens
1115 1393 1158 1440 666

242 1463 295 1523 Est
317 1481 406 1542 sapor
428 1473 458 1524 et
479 1466 577 1525 iamae
600 1464 730 1526 balsama
753 1468 867 1544 spargit
888 1465 972 1528 odor.

202 1545 344 1606 Abbatem
367 1551 446 1609 nosti
469 1548 629 1618 Tirricum,
654 1552 703 1610 cui
727 1548 808 1609 dedit
830 1548 903 1610 oiim

241 1631 392 1691 Ecclesiae
415 1632 514 1693 dictae
538 1635 619 1710 virgo
642 1634 850 1710 patrocinium.

200 1713 254 1775 Cui
276 1718 371 1776 virtus
394 1718 523 1779 animam
546 1717 678 1787 decorat,
701 1717 839 1778 iacundia
862 1717 994 1796 linguam

242 1797 412 1875 dapsilitate
434 1803 521 1870 nitet,
545 1800 671 1862 utilitate
693 1803 777 1862 viret.
1114 1814 1159 1861 690

200 1880 262 1950 iiie,
286 1900 356 1943 suos
378 1884 524 1963 quondam
548 1902 608 1946 non
633 1886 754 1946 ultimus
776 1889 855 1946 inter
877 1888 999 1957 amicos,

240 1968 314 2026 Ante
336 1970 432 2028 virum
456 1968 546 2029 talem
568 1974 619 2049 qui
645 1968 710 2031 tulit
732 1968 797 2048 ejus
819 1988 911 2041 onus;

198 2048 297 2110 Edidit
319 2051 398 2112 hunc
421 2062 505 2114 sexto
527 2055 642 2114 {initum
666 2072 769 2114 mense
793 2053 935 2125 iibeiium,

240 2132 291 2193 Cui
312 2143 412 2196 tamen
435 2136 492 2196 hoc
513 2147 632 2217 tempus
653 2155 783 2217 syncopa
807 2138 896 2198 nrulta
920 2139 1016 2200 scidit.

198 2215 335 2279 Correxit
350 2221 503 2297 pigritans.
527 2220 626 2281 habor
641 2221 698 2291 hic,
716 2221 804 2300 quarn
820 2222 963 2291 scribere,
981 2224 1090 2302 major:
1111 2230 1156 2280 aaa

240 2306 276 2363 dt
298 2312 449 2376 corrector
472 2306 527 2365 ait:
551 2307 611 2365 sint
634 2316 682 2366 tua
705 2307 730 2366 si
752 2322 809 2382 qua
832 2305 939 2368 valent.

197 2384 281 2446 Nuiia
305 2395 459 2465 poctarum
483 2389 583 2465 posuit
604 2391 754 2467 figmenta,
777 2389 893 2451 Daretis

238 2469 397 2531 Historiam
420 2472 665 2541 superscribere,
689 2490 757 2533 vera
781 2480 895 2535 tenens.

196 2551 233 2610 Et
255 2553 401 2632 Phrygius
424 2559 478 2616 init
500 2558 555 2617 iste
579 2556 680 2626 [iares.
704 2567 734 2619 et
756 2566 889 2637 ternpore
913 2558 984 2620 belii

238 2636 304 2712 ipsa
327 2640 445 2717 quidem
469 2639 556 2701 miies
579 2642 692 2719 proeiia
715 2644 774 2701 risa
798 2643 900 2704 refert.
1109 2650 1152 2697 500

262 2869 320 2919 678.
332 2872 438 2938 Margo.
451 2872 599 2928 Iohannes.
652 2876 710 2925 681.
723 2876 830 2941 Margo.
844 2874 945 2931 Stadia.
985 2879 1043 2929 682.
1054 2877 1152 2938 Margo.

196 2935 380 2990 Harsevelde.
401 2941 476 3005 priua
494 2942 659 2995 Rosenveld.
712 2944 771 2995 687.
790 2943 885 2993 Abbaa
896 2944 1079 2996 Theodoriana
1098 2955 1152 2991 suc·

195 3004 281 3054 cessit
294 3005 359 3054 1242
377 3007 498 3058 Alberto.
562 3011 619 3060 691.
639 3011 744 3074 Margo.
762 3009 895 3061 Albertua
907 3012 996 3062 abbas
1009 3008 1152 3062 stadensis·

195 3071 254 3122 695.
273 3072 314 3121 96.
333 3071 385 3122 cir.
404 3073 484 3125 ovid.
501 3075 581 3126 Pont.
600 3077 650 3137 111,
669 3079 693 3128 9.
713 3079 752 3131 19.
772 3079 813 3128 20.
833 3079 874 3129 23.
893 3080 927 3128 24

262 3137 351 3203 Saepe
369 3140 447 3204 piget
465 3140 543 3205 (quid
562 3144 635 3192 enim
653 3143 776 3194 dubitem
794 3144 848 3194 tibi
865 3160 933 3196 vere
952 3145 1061 3210 interii)

296 3206 445 3272 Corrigere,
464 3213 493 3257 66
510 3208 586 3273 longi
604 3210 676 3260 farre
694 3210 795 3262 loboris
812 3226 890 3262 onus.

261 3272 405 3336 Corrigere
425 3278 455 3322 66
472 3289 516 3322 res
535 3281 578 3323 est
594 3280 673 3325 tanto
691 3279 779 3342 magis
798 3279 893 3343 ardna,
912 3284 1017 3344 quanto

295 3338 412 3400 Magnus
430 3338 591 3388 Aristarcho
608 3341 696 3402 major
712 3344 849 3395 Homerus
867 3353 938 3396 erat.

193 3402 250 3449 696.
270 3416 320 3451 sua
338 3417 377 3452 ac.
397 3408 529 3453 correcte.
